2392 3692
399 147 452 196 ns
471 147 590 197 nanno
613 126 860 198 accerrimo.
1056 133 1099 196 83

158 310 267 384 parato
287 302 424 364 exercitu
439 301 521 382 legat
536 302 595 363 sibi
609 301 746 363 homines
764 301 889 377 nobiles,
903 301 1050 377 factiosos,

158 404 288 464 quornm
317 383 499 444 auctoritate
525 402 605 462 quae
632 383 805 462 deliquisset
839 383 958 444 munita
985 384 1049 446 fore

156 462 309 544 sperabat.
351 463 391 524 In
418 466 485 542 quis
512 463 572 525 fuit
598 463 739 536 Scaurus,
760 465 847 544 cujus
874 464 912 526 de
939 473 1051 526 natura

156 555 186 606 et
213 544 324 606 babitu
355 565 449 623 supra
476 544 717 606 memoravimus.
759 544 841 605 Nam
868 546 901 604 in
928 545 1050 606 consule

156 635 259 688 nesto
280 625 395 686 multae
416 625 572 705 bonaeque
592 634 672 686 artes
694 634 725 686 et
748 625 843 686 animi
862 634 894 686 et
916 626 1049 704 corporis
1077 627 1097 685 5

155 715 253 780 erant,
281 725 356 786 quas
383 725 485 766 omnes
512 706 644 767 avaritia
670 704 900 786 praepediebat:
932 707 1049 786 patiens

155 785 307 859 laborum,
332 788 395 848 acri
421 787 552 866 ingenie,
577 786 651 846 satis
677 787 847 880 providens,
867 786 942 846 belli
965 786 1048 846 haud

155 868 290 947 ignarus,
300 866 496 928 firmissumus
510 875 618 927 contra
627 866 764 947 pericula
773 876 804 928 et
815 867 947 928 insidias.
988 867 1047 927 Sed

155 946 289 1028 legiones
347 969 363 1007 r
383 947 505 1008 Italiam
528 947 682 1026 Rhegium
702 957 794 1028 atque
810 947 882 1008 inde
900 947 1045 1020 Siciliam,

154 1049 246 1108 porro
259 1048 299 1088 ex
335 1029 417 1090 icilia
430 1028 823 1091 inAfricamtransvectae
865 1027 966 1108 Igitur
980 1027 1096 1088 Cal-10

154 1109 284 1188 purnius
312 1109 407 1182 initio,
429 1110 543 1189 paratis
564 1109 789 1182 commeatibus,
810 1109 921 1170 acriter
941 1108 1048 1168 Numi-

154 1189 239 1250 diam
267 1189 417 1268 ingressus
443 1199 496 1262 est,
524 1189 696 1269 multosque
729 1189 872 1250 mortales
898 1199 929 1250 et
957 1188 1046 1249 urbes

154 1270 198 1330 ali
219 1278 273 1330 uot
286 1270 451 1350 pugnando
465 1271 553 1350 cepit

196 1291 249 1412 ³9.
272 1349 331 1410 Sed
350 1350 403 1410 ubi
416 1350 574 1430 Jugurtba
593 1371 649 1446 per
668 1349 783 1429 legatos
803 1351 932 1430 pecunia
952 1360 1048 1430 temp

154 1440 222 1490 tare
236 1429 377 1510 bellique,
391 1432 471 1510 quod
486 1431 728 1503 administrabat,
742 1451 776 1490 as
814 1429 936 1492 ritatem
950 1440 1046 1491 osten·
1057 1432 1095 1490 15

155 1511 227 1572 dere
248 1511 354 1590 eoepit,
374 1513 493 1572 animus
514 1533 604 1592 aeger
622 1512 754 1574 avaritia
787 1510 865 1572 acile
885 1531 1048 1572 convorsus

154 1600 209 1652 est.
265 1591 407 1652 Ceterum
435 1593 530 1653 socius
557 1602 588 1653 et
615 1593 791 1653 administer
819 1591 955 1652 omnium
978 1612 1046 1652 eon-

154 1671 293 1732 siliorum
313 1672 484 1734 adsumitur
497 1671 639 1746 Scaurus,
654 1673 707 1752 qui
720 1671 841 1734 tametsi
855 1693 874 1733 a
887 1672 1046 1752 principio,

154 1752 306 1832 plerisque
319 1772 359 1813 ex
373 1753 503 1814 faotione
516 1754 581 1833 ejus
595 1753 754 1832 corruptis,
769 1773 924 1814 acerrume
944 1773 1046 1831 regem

154 1833 398 1913 impugnaverat,
412 1843 515 1895 tamen
535 1855 585 1894 ma
627 1834 745 1894 itudine
763 1834 908 1914 pecuniae
928 1854 947 1892 a
967 1833 1095 1894 bono20

154 1913 340 1994 honestoque
360 1915 391 1973 in
412 1934 542 1993 pravum
569 1934 588 1974 a
690 1924 738 1975 tus
758 1923 811 1976 est.
852 1915 912 1975 Sed
931 1913 1046 1992 lugur-

154 1994 210 2055 tba
237 1995 370 2074 primum
397 1995 607 2056 tantummodo
630 1995 705 2055 belli
728 2016 844 2056 moram
865 1993 1042 2068 redimebat,

154 2075 343 2136 existumans
365 2095 427 2136 sese
450 2074 567 2154 aliquid
591 2076 714 2136 interim
738 2075 854 2137 Romae
874 2077 971 2155 pretio
991 2085 1053 2142 aut,

154 2155 256 2234 gratia
282 2156 466 2216 effecturum.
509 2155 619 2216 Postea
646 2177 717 2217 vero
745 2177 836 2236 quam
864 2158 1043 2236 participem

154 2235 257 2316 negoti
277 2234 425 2298 Scaurum
446 2237 569 2317 accepit,
584 2238 617 2296 in
633 2257 810 2298 maxumam
830 2258 913 2317 spem
933 2237 1093 2298 adduc-25

154 2326 204 2377 tus
224 2337 294 2377 recu
336 2317 449 2377 randae
463 2317 554 2395 pacis,
568 2318 675 2378 statuit
695 2339 766 2379 cum
786 2319 828 2378 eis
848 2319 886 2379 de
906 2318 1045 2378 omnibus

154 2337 346 2478 pactionidiis
370 2417 509 2477 praesens
535 2417 554 2457 a
592 2419 633 2458 re.
675 2397 817 2459 Ceterum
837 2398 953 2460 interea
972 2399 1043 2460 fidei

155 2498 246 2539 causa
267 2477 399 2538 mittitur
423 2498 442 2538 a
466 2497 587 2539 consue
607 2478 730 2539 Sextius
750 2488 889 2559 quaestor
909 2480 941 2538 in
962 2481 1044 2559 oppi-

155 2558 229 2618 dum
249 2557 424 2638 Jugurtbae
444 2557 583 2638 Vagam;
609 2559 695 2639 cujus
715 2559 759 2620 rei
779 2561 891 2639 species
912 2569 978 2620 erat
997 2581 1044 2622 ac-

54 2660 57 2666 ·
155 2639 254 2718 ceptio
284 2639 438 2713 frumenti,
466 2639 547 2718 quod
582 2638 767 2719 Calpurnius
801 2640 904 2720 palam
937 2641 1044 2721 legatis
1053 2643 1092 2701 30

155 2720 367 2799 imperaverat,
382 2720 525 2800 quoniam
543 2720 703 2782 deditionis
723 2741 808 2782 mora
827 2721 963 2782 indutiae
982 2722 1045 2801 agi·

155 2799 308 2862 tabantur.
360 2799 461 2879 Igitur
487 2821 551 2874 rex,
579 2802 625 2862 uti
652 2802 857 2875 constituerat,
886 2802 918 2862 in
945 2812 1045 2864 castra

154 2881 239 2941 venit
259 2901 295 2942 ac
315 2901 414 2960 pauca
433 2882 584 2960 praesenti
603 2882 727 2943 consilio
743 2883 862 2943 locutus
875 2883 913 2943 de
928 2883 1045 2945 invidia

155 2961 228 3022 facti
242 2961 298 3034 sui,
309 2970 401 3041 atque
414 2962 461 3022 uti
474 2961 506 3021 in
521 2961 703 3023 deditionem
717 2963 913 3043 acciperetur,
923 2964 1043 3043 reliqua

155 3061 225 3102 cnm
246 3041 349 3102 Bestia
368 3051 399 3103 et
419 3041 534 3103 Scauro
554 3052 669 3104 secreta
689 3044 837 3124 transigit.
880 3044 960 3105 Dein
980 3045 1092 3124 p0s35

155 3130 219 3182 tero
239 3122 296 3195 die,
317 3123 404 3201 quasi
424 3143 478 3202 per
498 3132 634 3183 saturam
654 3124 809 3184 sententiis
828 3125 995 3203 exquisitis,
1012 3127 1044 3185 in

155 3202 339 3263 deditionem
353 3203 509 3282 accipitur.
552 3203 612 3264 Sed
631 3204 676 3264 uti
697 3225 752 3283 pro
772 3205 895 3266 consilio
915 3205 1043 3285 impera·

156 3291 221 3342 tum
235 3291 309 3355 erat,
324 3283 477 3363 elephanti
491 3283 626 3362 triginta,
641 3303 732 3363 pecus
751 3294 843 3362 atque
863 3286 932 3362 equi
953 3285 1043 3345 multi

155 3382 225 3423 cnm
252 3383 348 3441 parvo
375 3364 494 3442 argenti
522 3364 654 3441 pondere
688 3364 838 3439 quaestori
871 3364 1043 3420 traduntur.

265 3457 370 3518 8—Sel
