2392 3692
100 74 163 137 130
386 89 410 139 0.
430 89 520 139 sana
527 88 610 139 usu
631 87 750 138 caram
833 86 838 93 ·

143 247 276 320 buntur;
297 247 427 326 reliquos
448 247 581 309 Catilina
641 268 656 306 r
676 254 793 307 montes
813 266 932 325 asperos
951 268 1035 328 mag-

144 328 191 388 nis
218 327 375 389 itineribus
402 329 434 387 in
462 350 569 407 agrum
625 327 809 388 istorieneem
836 325 971 401 abducit,
998 350 1036 389 eo

145 409 275 481 consilia,
290 409 336 468 uti
357 428 412 548 per
431 410 567 469 tramites
587 407 705 469 occulte
724 407 898 487 perfugeret
914 408 946 468 in
960 407 1035 469 Gal·

146 489 218 548 liam
246 488 361 549 Transa
374 489 485 582 pinam.
537 490 581 549 At
609 488 648 565 Q.
677 487 820 548 Metellus
848 488 936 549 Celer
963 509 1035 550 cum

116 568 239 629 5tribus
274 568 441 648 legionibus
468 570 499 628 in
527 590 601 648 agro
628 569 740 629 Piceno
766 568 966 648 praesidebat,
994 591 1034 631 ex

142 649 322 709 difficultate
336 669 436 709 rerum
450 650 554 709 eadem
568 649 624 709 illa
637 650 832 723 existumans,
847 670 924 728 quae
940 671 1036 730 supra

143 730 276 790 diximus
290 730 456 790 Catilinam
471 730 594 809 agitare.
637 729 747 809 Igitur,
760 730 814 791 ubi
831 731 890 790 iter
908 731 973 791 e'us
993 752 1034 791 ex

143 810 277 889 perfugis
290 810 440 889 cognovit,
455 819 554 871 caetra
567 831 694 890 propere
713 812 808 872 movit
828 832 865 871 ac
884 752 941 871 sub
962 812 1036 891 ipsis

142 890 294 951 radicibus
315 891 464 951 montium
485 892 628 964 consedit,
642 912 703 972 qua
722 891 769 951 illi
789 891 946 952 descensus
967 902 1035 952 erat

95 971 133 1030 10
142 970 174 1030 in
188 970 323 1030 Galliam
337 972 520 1051 properanti.
563 971 671 1051 Neque
684 981 784 1033 tamen
799 971 954 1031 Antonius
967 993 1035 1051 pro

142 1050 192 1111 cul
214 1051 328 1125 aberat,
349 1060 454 1131 utpote
475 1052 527 1130 qui
548 1069 658 1132 magno
678 1053 813 1113 exercitu
837 1052 910 1112 locis
932 1053 1035 1131 aequi-

142 1129 244 1191 oribus
267 1133 428 1211 expeditus
451 1132 482 1192 in
508 1132 580 1213 fuga
605 1141 796 1212 sequeretur;
823 1133 875 1193 sed
898 1132 1035 1193 Catilina

141 1220 300 1291 postquam
314 1212 398 1273 videt
419 1212 572 1274 montibus
592 1223 684 1292 atque
705 1214 797 1292 copiis
817 1213 950 1273 hostium
971 1234 1035 1274 sese

142 1292 287 1365 clausum,
308 1292 340 1351 in
361 1292 442 1353 urbe·
458 1314 504 1354 res
525 1294 676 1367 advorsae,
700 1313 798 1372 neque
821 1293 911 1371 fugae
934 1314 1035 1373 neque

95 1372 273 1451 lopraesidi
296 1373 392 1433 ullam
416 1394 430 1433 s
452 1395 508 1447 em,
530 1383 688 1454 optumum
711 1374 793 1434 factu
820 1382 903 1433 ratus
923 1374 956 1433 in
977 1374 1035 1435 tali

142 1472 174 1513 re
202 1453 356 1513 fortunam
383 1396 456 1515 belli
482 1464 640 1535 temptare,
664 1453 771 1515 statuit
798 1475 866 1515 cum
894 1454 1034 1514 Antonio

141 1554 232 1611 quam
246 1534 378 1613 primum
393 1535 561 1615 confligere.
603 1534 713 1614 Itaque
727 1535 868 1595 concione
882 1535 1034 1596 advocata

141 1614 266 1693 hujusce
281 1616 361 1675 modi
375 1617 539 1676 orationem
553 1614 678 1676 habuit:

183 1694 232 1757 58.
256 1694 479 1775 “Compertum
507 1717 561 1777 ego
589 1695 695 1769 habeo,
716 1695 835 1768 milites,
856 1694 953 1756 verba
972 1696 1033 1757 vir-

94 1776 238 1837 20tutem
252 1796 313 1836 non
328 1777 447 1850 addere,
462 1797 559 1856 neque
573 1798 611 1836 ex
626 1777 737 1856 ignavo
757 1785 914 1837 strenuum
934 1797 1033 1855 neque

141 1856 249 1917 fortem
277 1877 316 1916 ex
343 1857 449 1918 timido
475 1858 643 1917 exercitum
677 1858 812 1917 oratione
843 1857 1033 1936 imperatoris

140 1937 215 1998 fieri.
258 1937 383 2013 Quanta
404 1939 548 2017 cujusque
568 1938 670 1998 animo
691 1937 820 1997 audacia
843 1946 956 1997 natura
979 1947 1033 1997 aut

140 2017 273 2079 moribus
298 2018 384 2091 inest,
408 2027 495 2078 tanta
520 2019 551 2077 in
576 2018 656 2079 bello
676 2026 780 2097 patere
804 2018 887 2079 solet.
931 2018 1032 2095 Quem

141 2119 238 2178 neque
262 2098 359 2177 gloria
384 2120 481 2178 neque
504 2097 641 2178 pericula
660 2098 805 2171 excitant,
826 2098 1031 2177 nequidquam

94 2181 278 2252 25hortere3
298 2180 389 2239 timor
413 2180 506 2239 animi
526 2178 650 2239 auribus
671 2178 772 2240 officit.
813 2178 872 2239 Sed
892 2199 949 2258 ego
970 2199 1031 2251 vos,

141 2282 200 2341 quo
211 2280 309 2339 pauca
320 2280 481 2331 monerem,
493 2260 640 2320 advocavi
651 2281 657 2332 3
672 2259 762 2319 simul
775 2260 822 2319 uti
836 2279 959 2320 causam
973 2260 1032 2319 mei

141 2341 246 2403 consili
270 2342 426 2420 aperirem.
468 2340 557 2401 Scitis
581 2340 729 2418 equidem,
753 2339 871 2412 milites,
895 2340 1032 2400 socordia

140 2431 232 2501 atque
246 2421 370 2500 ignavia
384 2420 510 2481 Lentuli
524 2428 669 2499 quantam
684 2420 741 2500 ipsi
755 2418 899 2499 nobisque
914 2420 1031 2481 cladem

141 2502 288 2574 attulerit,
303 2522 421 2581 quoque
435 2502 532 2575 modo,
547 2501 620 2560 dum
636 2521 674 2560 ex
689 2499 765 2560 urbe
778 2500 929 2580 praesidia
943 2522 1032 2581 oppe

93 2584 132 2643 30
142 2582 396 2655 rior‚inGalliam
405 2582 551 2662 proficisci
560 2582 756 2660 nequiverim.
791 2580 884 2641 Nunc
892 2602 965 2641 vero
973 2602 1032 2661 quo

141 2663 207 2724 loco
224 2683 270 2722 res
288 2671 407 2722 nostrae
428 2664 497 2735 aiut,
508 2663 601 2741 juxta
623 2682 739 2722 mecum
761 2682 864 2721 omnes
883 2661 1031 2740 intellegi·

141 2745 187 2803 tis.
230 2743 393 2803 Exercitus
412 2743 544 2802 hostium
565 2742 634 2815 duo,
655 2762 733 2802 unus
753 2741 793 2801 ab
814 2739 898 2814 urbe,
915 2741 993 2802 alter
1013 2762 1032 2801 a

141 2823 245 2884 Gallia
263 2821 392 2883 obstant.
435 2823 559 2883 Diutius
573 2823 605 2881 in
620 2824 666 2883 his
680 2821 752 2883 locis
765 2842 835 2894 esse,
849 2821 874 2881 si
888 2842 1031 2881 maxume

141 2904 259 2964 animus
273 2903 360 2977 ferat,
375 2903 519 2963 frumenti
540 2912 632 2982 atque
652 2903 782 2963 aliarum
800 2922 902 2961 rerum
916 2913 1031 2981 egestas

94 2986 132 3043 35
141 2984 288 3066 prohibet.
332 2984 531 3062 Quocumque
554 2984 598 3043 ire
623 2984 731 3063 placet,
751 2982 831 3043 ferro
855 2983 914 3042 iter
938 2983 1031 3062 aperi-

142 3066 258 3124 undum
276 3074 328 3124 est.
371 3065 566 3141 Quapropter
580 3085 633 3124 vos
654 3084 768 3136 moneo,
783 3063 828 3123 uti
848 3061 921 3123 forti
941 3073 1032 3142 atquc

142 3155 248 3221 parato
269 3144 369 3202 animo
390 3144 462 3213 sitis,
484 3151 513 3201 et
535 3163 605 3202 cum
624 3144 773 3221 proelium
793 3142 916 3216 inibitis,
931 3143 1032 3203 memi-

143 3223 247 3281 neritis
267 3242 320 3282 vos
341 3222 471 3291 divitias,
493 3222 592 3292 decus,
613 3222 749 3299 gloriam,
768 3232 931 3302 praeterea¹
946 3223 1032 3283 liber-

143 3308 237 3359 tatem
258 3308 348 3376 atque
369 3301 497 3377 patriam
520 3300 552 3357 in
574 3301 690 3360 dextris
703 3303 810 3363 vostris
828 3312 958 3381 portare.
1000 3302 1033 3364 Si
