2392 3692
98 93 160 155 124
383 105 408 157 c.
427 105 607 157 snrausrr
628 104 749 155 carsrr

143 266 283 325 idoneum
304 262 475 337 videbatur,
497 283 566 324 oum
589 282 707 323 summo
730 263 830 323 studio
850 263 931 323 domi
952 284 1039 324 exse-

144 346 323 423 quebantur,
345 345 459 405 imitari
483 364 574 422 quam
598 344 736 405 invidere
759 344 844 404 bonis
868 343 1038 405 malebant.

82 478 83 481 ,
143 425 202 487 Sed
226 426 330 486 eodem
349 424 410 485 ‘illo
434 433 577 503 tempore,
602 423 750 485 Graeciae
774 445 888 484 morem
911 425 1038 498 imitati,

143 505 318 568 verberibus
338 504 623 565 animadvortebant
642 505 675 564 in
696 505 785 578 cives,
799 505 837 565 de
856 505 1038 565 condemna·

116 588 182 647 btis
202 606 352 646 summum
380 585 562 665 supplicium
586 584 754 645 sumebant.
796 584 962 664 Postquam
986 607 1038 646 res

144 666 266 746 publica
293 666 426 728 adolevit
454 674 484 726 et
510 665 707 726 multitudine
741 666 853 727 civium
887 665 1038 727 factiones

143 748 275 820 valuere,
295 746 506 808 circumveniri
527 746 709 819 innocentes,
723 745 785 806 alia
805 747 930 825 hujusce
950 748 1037 807 modi

143 828 208 888 fieri
229 848 360 906 coepere,
374 836 441 887 tum
462 826 513 886 lex
534 826 643 887 Porcia
663 827 801 905 aliaeque
814 826 894 905 leges
907 836 1037 905 paratae

143 916 222 980 sunt,
245 908 353 986 quibus
378 906 494 987 legibus
518 906 659 967 exsilium
683 907 835 967 damnatis
854 908 1036 986 permissum

99 990 135 1048 10
144 997 195 1048 est.
238 988 329 1049 Hanc
344 1008 398 1066 ego
413 1008 543 1061 oausam,
557 996 659 1066 patres
675 988 844 1067 conscripti,
859 988 1037 1067 quominus

143 1090 257 1130 novum
271 1069 428 1129 consilium
443 1069 606 1147 capiamus,
620 1069 653 1128 in
666 1069 772 1147 primis
792 1088 935 1147 magnam
949 1078 1035 1148 puto.

144 1149 283 1209 Profecto
305 1150 401 1210 virtus
425 1158 516 1227 atque
539 1149 688 1227 sapientia
710 1150 808 1228 major
827 1150 859 1208 in
880 1148 941 1209 illis
965 1149 1035 1223 fuit,

144 1231 196 1309 qui
216 1251 254 1289 ex
273 1230 374 1308 parvis
396 1229 501 1308 opibus
521 1238 643 1289 tantum
657 1230 817 1308 imperium
830 1230 927 1290 fecere
941 1251 1036 1308 quam

143 1312 175 1370 in
195 1310 289 1382 nobis,
305 1310 357 1388 qui
377 1330 412 1369 ea
433 1310 508 1370 bene
528 1318 618 1388 parta
637 1310 692 1370 vix
713 1310 884 1371 retinemus.
926 1309 1036 1371 Placet

98 1392 237 1470 lbigitur
264 1412 312 1451 eos
340 1390 453 1450 dimitti
480 1398 509 1451 et
537 1390 643 1469 augeri
669 1391 837 1451 exercitum
861 1389 1036 1452 Catilinae?

144 1473 301 1543 Minumc;
322 1471 374 1531 sed
394 1472 438 1531 ita
459 1491 572 1543 censeo,
593 1470 793 1549 publicandas
817 1492 921 1531 eorum
945 1493 1035 1550 pecu-

143 1554 217 1625 nias,
232 1554 309 1631 ipsos
322 1552 355 1611 in
367 1551 498 1612 vinculis
518 1551 672 1612 habendos
692 1572 746 1630 per
766 1552 941 1630 municipia,
955 1573 1036 1630 quae

144 1654 287 1694 maxume
310 1632 416 1711 opibus
436 1632 557 1705 valent;
578 1652 637 1692 neu
659 1633 726 1710 quis
746 1632 784 1692 de
804 1632 846 1692 eis
866 1640 970 1710 postea
994 1633 1034 1693 ad

143 1724 280 1775 senatum
301 1713 411 1773 referat
431 1733 508 1773 neve
528 1733 597 1773 cum
618 1712 731 1792 populo
751 1721 840 1791 agat3
868 1713 921 1790 qui
945 1713 1036 1774 aliter

97 1796 256 1867 refecerit,
277 1802 414 1855 senatum
434 1794 618 1854 existumare
638 1814 707 1853 eum
729 1801 834 1853 contra
851 1814 916 1853 rem
935 1793 1034 1872 publi·

145 1897 211 1936 cam
226 1885 256 1936 et
269 1875 398 1935 salutem
412 1874 546 1934 omnium
559 1872 741 1933 facturum.”

186 1958 234 2019 52.
257 1956 420 2035 Postquam
445 1954 557 2015 Caesar
581 1953 701 2014 dicendi
724 1954 815 2014 finem
839 1954 919 2026 fecit,
941 1954 1034 2014 ceteri

144 2038 245 2110 verbe,
261 2037 338 2097 alius
352 2036 414 2108 alii,
429 2036 512 2096 varie
531 2035 788 2095 adsentiebantur.
830 2033 875 2095 At
896 2035 939 2095 M.
962 2035 1034 2095 Por·

146 2118 208 2178 cius
230 2117 305 2177 Cato
327 2125 448 2196 rogatus
468 2116 648 2176 sententiam
672 2114 797 2194 hujusce
821 2115 903 2176 modi
926 2116 1033 2176 oratio

98 2200 214 2258 aunem
241 2198 365 2258 habuit:
394 2196 525 2275 “Longe
552 2196 627 2255 mihi
654 2196 715 2256 alia
741 2216 826 2256 mens
852 2204 905 2268 est,
933 2205 1033 2275 patres

147 2280 314 2358 conscripti,
330 2298 398 2339 curn
420 2298 466 2337 res
487 2285 577 2355 atque
598 2275 733 2355 pericula
749 2284 853 2337 nostra
870 2278 1032 2349 considero,

145 2369 258 2420 etcum
275 2359 437 2420 sententias
457 2357 674 2418 nonnullorum
685 2357 757 2435 ipse
777 2377 894 2418 mecum
915 2366 1031 2436 reputo.

146 2440 199 2499 Illi
224 2441 298 2499 mihi
323 2439 493 2499 disseruisse
513 2438 657 2500 videntur
676 2437 714 2497 de
733 2455 839 2516 poena'
854 2458 968 2511 eorum,
982 2438 1034 2517 qui

146 2522 272 2600 patriae,
286 2520 471 2599 parentibus,
487 2519 546 2579 aris
567 2528 658 2598 atque
678 2517 752 2579 focis
771 2518 832 2578 suis
851 2518 967 2579 bellum
984 2540 1033 2598 pa·

99 2602 137 2662 30
147 2622 259 2663 ravere.
303 2601 363 2660 Res
391 2609 493 2659 autem
521 2609 622 2660 monet
651 2619 757 2661 cavere
785 2598 824 2659 ab
852 2598 912 2659 illis
939 2600 1033 2679 magis

147 2702 247 2760 quam,
269 2681 341 2758 quid
370 2680 401 2738 in
428 2680 496 2739 illos
522 2689 700 2752 statuamus
722 2679 899 2740 consultare.
952 2680 1032 2740 Nam

147 2771 246 2822 cetera
274 2760 421 2837 maleficia
447 2768 514 2819 tum
541 2781 729 2839 persequare,
757 2758 811 2820 ubi
837 2760 920 2821 facta
946 2769 1032 2832 sunt;

147 2842 204 2901 hoc
227 2841 284 2899 nisi
308 2840 473 2919 provideris
497 2861 535 2900 ne
559 2842 686 2913 accidat,
712 2840 765 2901 ubi
788 2841 897 2913 evenit,
922 2841 1033 2901 frustra

148 2921 265 3001 judicia
279 2920 435 3000 implorem
457 2930 546 3000 capta
564 2921 640 2983 urbe
660 2922 737 2981 nihil
758 2921 794 2982 fit
814 2921 924 3000 reliqui
937 2921 1030 2983 victis.

100 3002 138 3061 35
147 3002 215 3074 Sed,
229 3022 283 3079 per
304 3002 373 3062 deos
395 3001 586 3076 immortales,
601 3023 655 3063 vos
675 3010 730 3081 ego
750 3002 880 3082 appello,
895 3002 947 3080 qui
961 3023 1032 3062 sem-

147 3103 201 3159 per
221 3083 331 3153 domos,
345 3082 443 3151 villas,
458 3083 551 3159 signa,
566 3083 688 3143 tabulas
703 3092 818 3143 vostras
831 3083 928 3162 pluris
942 3104 1032 3162 quam

147 3181 210 3219 rem
238 3160 391 3237 publicam
419 3162 545 3231 fecistis3
573 3162 598 3220 si
626 3163 692 3233 ista,
714 3164 929 3241 cujuscumque
953 3164 1032 3223 modi

147 3248 217 3297 sunt
245 3258 321 3314 quae
355 3238 580 3316 amplexamini,
609 3242 745 3312 retinere,
772 3243 798 3301 si
824 3242 1033 3321 voluptatibus

148 3318 255 3377 vostris
283 3318 378 3378 otium
408 3316 551 3396 praebere
579 3318 677 3391 voltis,
705 3322 948 3400 expergiscimini
982 3323 1033 3383 ali·
