2392 3692
380 173 435 224 nn
454 171 573 225 annno
594 169 844 226 Joeoarsmo.
1042 155 1082 225 17

139 356 265 418 sperans
278 334 329 397 vel
352 333 531 394 ostentando
551 332 699 394 virtutem
718 332 769 394 vel
789 331 923 394 hostium
942 333 1036 394 saevi-

140 421 186 480 tia
206 415 296 478 facile
320 435 392 476 eum
416 433 602 486 occasumm,
623 413 769 494 praefecit
789 413 941 485 Numidis,
962 434 1037 492 quos

141 501 175 559 in
189 496 375 578 Hispaniam
390 493 539 556 mittebat.
580 494 642 555 Sed
661 515 698 554 ea
717 515 765 556 res
785 494 874 574 longe
894 493 984 554 aliter
999 515 1036 556 ac

142 589 229 640 ratus
249 587 315 640 erat
336 575 446 639 evenit.
488 575 570 636 Nam
583 575 751 655 Jugurtha,
764 584 800 636 ut
820 584 887 636 erat
906 575 1036 654 impigro

142 669 237 740 atque
260 658 324 720 acri
348 655 477 738 ingenio,
501 655 555 716 ubi
578 665 722 716 naturam
745 654 782 716 P.
805 655 963 736 Scipionis,
984 657 1036 735 qui
1065 661 1084 716 5

142 750 213 802 tum
240 739 387 800 Romanis
413 739 454 799 im
494 745 577 798 rator·
603 745 678 810 erat,
705 746 735 798 et
763 757 876 798 morem
903 735 1036 798 hostium

144 821 297 901 cognovit,
325 820 422 881 multo
467 817 559 878 abore
586 817 743 898 multaque
770 837 854 891 cura,
880 826 1037 896 praeterea

144 902 372 963 modestissume
388 900 521 980 parendo
542 907 572 960 et
592 919 681 978 saepe
701 898 823 960 obviam
841 899 942 960 eundo
959 897 1036 978 peri-

134 983 224 1044 culis
248 983 281 1043 in
303 990 422 1042 tantam
446 980 660 1042 claritudinem
683 978 770 1040 brevi
793 989 981 1059 pervenerat,
1001 988 1036 1039 ut

145 1064 257 1124 nostris
271 1064 462 1124 vehementer
484 1081 580 1134 carus,
594 1059 794 1122 Numantinis
814 1080 958 1121 maxumo
978 1067 1036 1119 ter-
1046 1063 1084 1122 10

146 1146 209 1205 rori
233 1152 317 1205 esset.
358 1144 408 1204 Ac
431 1163 511 1215 sane,
532 1142 614 1221 quod
634 1141 858 1202 difficillumum
878 1141 911 1201 in
931 1141 1037 1220 primis

146 1235 201 1299 est,
228 1234 260 1286 et
287 1224 400 1304 proelio
433 1233 573 1285 strenuus
606 1232 673 1284 erat
705 1231 737 1284 et
771 1221 867 1283 bonus
894 1221 1036 1293 consili0;

146 1326 278 1387 quorum
305 1305 435 1366 alterum
459 1325 498 1383 ex
519 1302 711 1384 providentia
737 1303 884 1375 timorem,
905 1302 1036 1363 alterum

146 1409 186 1448 ex
214 1383 345 1447 audacia
370 1386 571 1446 temeritatem
598 1385 718 1445 adferre
745 1383 925 1463 plerumque
951 1383 1035 1444 solet.

147 1468 250 1547 Igitur
269 1467 432 1546 imperator
450 1485 553 1526 omnes
572 1465 636 1526 fere
655 1486 702 1526 res
722 1485 844 1544 asperas
857 1463 1084 1544 perJugur-15

146 1549 235 1609 tham
245 1567 343 1627 agere,
354 1548 386 1607 in
400 1547 503 1608 amieis
516 1545 638 1619 habere,
649 1546 744 1625 magis
758 1545 913 1624 magisque
922 1565 991 1605 eum
1003 1545 1035 1604 in

147 1630 212 1690 dies
226 1628 385 1708 amplecti;
407 1628 519 1707 quippe
540 1627 626 1707 cujus
645 1647 666 1686 n
706 1646 743 1687 ue
762 1625 921 1688 consilium
939 1645 1037 1704 neque

148 1711 304 1789 inceptum
316 1709 415 1769 ullum
429 1707 543 1768 frustra
555 1717 628 1768 erat.
705 1727 744 1769 uc
763 1704 925 1768 accedebat
942 1706 1038 1766 muni·

147 1791 270 1851 licentia
290 1789 384 1850 animi
404 1797 435 1850 et
455 1789 558 1868 ingeni
578 1787 722 1861 sollertia,
740 1788 850 1868 quibus
870 1786 960 1847 rebus
979 1785 1038 1847 sibi

147 1871 260 1932 multos
273 1891 312 1930 ex
327 1870 472 1931 Romanis
485 1869 630 1930 familiari
642 1869 777 1930 amicitia
791 1869 1000 1947 conjunxerat.
1047 1870 1085 1929 20

188 1953 216 2015 8.
238 1949 287 2012 Ea
310 1959 487 2030 tempestate
511 1950 544 2010 in
567 1950 703 2012 exercitu
727 1960 829 2011 nostro
852 1949 936 2009 fuere
960 1969 1037 2010 com·

34 2021 49 2048 ³
147 2033 250 2112 plures
283 2032 355 2093 novi
389 2041 480 2111 atque
513 2029 637 2104 nobiles,
665 2030 774 2110 quibus
805 2030 931 2092 divitiae
958 2029 1037 2091 bono

147 2113 333 2192 honestoque
359 2113 488 2192 potiores
515 2119 612 2184 erant,
638 2111 755 2172 factiosi
782 2111 873 2184 domi,
901 2120 1037 2190 potentes

147 2194 231 2274 apud
251 2193 354 2267 socios,
375 2192 450 2254 clari
471 2192 566 2272 magis
587 2212 680 2271 quam
700 2191 826 2265 honesti,
848 2191 900 2271 qui
924 2191 1037 2271 Jugur-

146 2274 220 2334 thae
240 2294 302 2334 non
322 2273 502 2334 mediocrem
524 2273 659 2333 anirnum
679 2272 876 2352 pollicitando
897 2273 1037 2333 accende
1046 2274 1085 2333 25

147 2355 232 2428 bant,
246 2355 271 2414 si
286 2355 416 2434 Micipsa
429 2373 484 2414 rex
499 2353 664 2426 occidisset,
678 2353 742 2414 fore
755 2354 802 2414 uti
815 2353 897 2414 solus
910 2353 1036 2432 imperio

147 2435 314 2496 Numidiae
341 2435 506 2514 potiretur:
533 2435 566 2494 in
593 2435 658 2513 ipso
685 2454 861 2494 maxumam
881 2433 1036 2507 virtutem,

148 2516 265 2576 Romae
279 2515 380 2576 omnia
392 2514 514 2576 venelia
530 2535 600 2575 esse.
641 2513 701 2575 Sed
722 2523 880 2594 postquam
901 2514 1037 2575 Numan-

147 2597 193 2656 tia
207 2595 306 2656 deleta
320 2595 354 2656 P.
370 2594 471 2675 Scipio
485 2595 636 2656 dimittere
657 2595 774 2655 auxilia
792 2604 822 2655 et
840 2595 903 2674 ipse
924 2596 1037 2656 revorti

147 2678 271 2737 domum
286 2677 428 2750 decrevit,
439 2676 585 2736 donatum
600 2685 692 2755 atque
705 2675 866 2737 laudatum
879 2675 1037 2754 magnifice
1047 2677 1085 2736 30

148 2779 204 2837 pro
223 2757 365 2818 concione
379 2757 567 2836 Jugurtham
581 2757 613 2816 in
628 2756 812 2835 praetorium
833 2755 963 2817 abduxit
983 2757 1037 2816 ibi-

148 2858 207 2917 que
221 2846 334 2899 secretc
348 2837 474 2910 monuit,
488 2846 524 2898 ut
538 2838 638 2917 potius
651 2836 773 2916 publice
786 2857 877 2916 quam
892 2838 1037 2916 privatim

148 2918 315 2979 amicitiam
329 2919 434 2998 populi
447 2918 578 2979 Romani
600 2917 719 2990 coleret,
734 2937 792 2978 neu
807 2918 916 2997 quibus
931 2917 1036 2997 largiri

149 3000 345 3060 insuesceret:
370 2998 535 3078 periculose
559 3019 578 3058 a
601 2999 706 3077 paucis
732 2999 799 3071 emi,
824 2999 905 3077 quod
929 2999 1037 3060 multo-

149 3099 218 3140 rum
238 3088 330 3140 esset:
351 3079 377 3140 si
396 3099 572 3159 permanere
586 3078 681 3140 vellet
694 3079 726 3138 in
739 3079 801 3139 suis
814 3078 940 3152 artibus,
954 3079 1036 3140 ultro
1046 3079 1086 3139 35

148 3159 196 3220 illi
209 3169 239 3220 et
253 3159 381 3239 gloriam
394 3169 424 3220 et
439 3180 565 3238 regnum
579 3168 753 3231 venturum,
766 3159 813 3220 sin
827 3160 1038 3239 properantius

148 3249 295 3320 pergeret,
306 3250 423 3301 suamet
433 3240 533 3319 ipsum
543 3240 673 3318 pecunia
683 3240 877 3319 praecipitem
887 3260 1036 3301 casurum.
1152 3293 1156 3298 ,

189 3321 218 3382 9.
240 3319 290 3381 Sic
315 3321 432 3382 locutus
460 3341 527 3380 cum
557 3319 666 3378 litteris
689 3339 768 3387 eum,
789 3341 864 3394 quas
891 3319 1038 3395 Micipsae

149 3400 297 3473 redderet,
331 3400 454 3459 dimisit.
514 3399 632 3456 Earum
665 3397 815 3454 sententia
847 3397 922 3452 haec
956 3407 1036 3452 erat:

260 3495 363 3548 2—su.
