2392 3692
109 157 150 220 22
397 168 421 220 α
441 169 622 220 sarnum!
643 169 762 219 cnrsrr
860 174 863 182 ·

178 329 275 391 eniem
289 351 351 403 vos,
384 337 463 390 atres
477 327 648 407 conscripti,
656 326 751 388 nolite
764 327 830 406 pati
844 347 892 386 me
906 338 1045 407 nepotem

157 352 334 471 {iasinissae
383 419 468 470 ustra
488 429 506 468 a
524 407 612 471 vobis
631 407 781 468 auxilium
801 416 912 486 petere.
952 406 985 470 si
1005 409 1046 469 ad

157 491 382 571 impetrandum
416 489 495 550 nihil
526 508 633 550 causae
661 486 802 548 haberem
830 496 952 566 praeter
977 489 1046 550 mis-

157 571 301 632 erandam
329 571 491 644 fortunam,
518 569 601 648 quod
628 569 720 648 paulo
747 576 818 629 ante
845 589 900 629 rex
927 590 1046 648 genere,

131 652 241 712 5fama
254 660 346 730 atque
360 651 451 730 copiis
465 659 578 730 potens,
588 669 671 710 nunc
684 648 871 710 deformatus
884 651 1045 722 aerumnis,

158 733 252 811 inops,
271 731 384 792 alienas
408 752 477 810 opes
501 739 652 810 exspecto,
672 739 773 790 tamen
795 738 860 790 erat
881 731 1046 810 majestatis

157 811 263 892 populi
286 811 417 873 Romani
441 810 601 891 prohibere
624 810 769 890 injuriam
788 831 886 890 neque
906 812 971 891 pati
995 833 1045 872 cu-

161 893 212 973 jus
233 912 304 952 uam
324 913 451 972 regnum
475 912 530 971 per
553 891 649 952 scelus
670 911 810 952 creseere.
852 890 968 952 Verum
990 913 1046 971 ego

158 973 200 1033 eis
213 914 325 1034 inibus
343 974 454 1052 ejectus
472 992 549 1045 sum,
563 991 638 1050 quos
651 970 816 1052 majoribus
829 971 902 1033 meis
915 973 1046 1052 populus

111 1055 149 1115 10
158 1054 314 1114 Romanus
341 1052 432 1125 dedit,
460 1053 542 1113 unde
597 1061 664 1113 ater
696 1062 727 1113 et
760 1072 836 1115 avus
866 1073 950 1114 meus
983 1074 1047 1113 una

157 1133 312 1195 vobiscum
340 1133 484 1212 expulere
515 1073 686 1212 Sypanem
712 1142 743 1194 et
770 1132 1043 1213 Carthaginienses.

159 1213 272 1276 Vestra
292 1213 439 1275 beneficia
451 1214 527 1274 mihi
541 1223 646 1293 erepta
665 1223 745 1288 sunt,
759 1223 861 1293 patres
875 1214 1045 1293 conscripti,

158 1316 211 1357 vos
232 1295 265 1355 in
285 1315 353 1354 mea
376 1295 488 1372 injuria
508 1295 642 1374 despecti
662 1295 741 1355 estis.
783 1293 871 1354 Eheu
892 1315 940 1355 me
960 1295 1045 1355 mise·

158 1377 246 1436 rum!
289 1374 420 1448 Hucine,
436 1375 566 1454 Micipsa
586 1384 682 1454 pater,
696 1374 841 1436 beneficia
857 1383 911 1435 tua
924 1395 1046 1437 evasere

112 1457 202 1528 15ut,
223 1476 313 1534 quem
333 1463 368 1515 tu
389 1475 493 1534 parem
515 1476 584 1517 cum
607 1454 709 1516 liberis
730 1455 790 1515 tuis
813 1454 958 1534 regnique
978 1476 1046 1534 par-

159 1536 283 1616 ticipem
303 1535 410 1609 fecisti,
424 1537 449 1596 is
470 1537 666 1616 potissumum
680 1535 782 1615 stirpis
795 1544 867 1596 tuae
880 1536 1047 1597 exstinctor

158 1617 219 1677 sit?
260 1616 476 1695 Numquamne
496 1637 567 1696 ergo
588 1616 706 1676 familia
725 1625 829 1677 nostra
847 1615 949 1693 quieta
967 1617 1047 1677 erit?

159 1697 321 1776 Semperne
335 1697 368 1757 in
382 1698 537 1776 sanguine,
546 1697 635 1769 ferro,
646 1697 720 1775 fuga
730 1695 921 1758 versabitur?
961 1697 1046 1757 Dum

159 1777 423 1858 Carthaginienses
443 1777 607 1839 incolumes
629 1777 721 1849 fuere,
738 1778 809 1857 jure
832 1778 935 1838 omnia
956 1797 1047 1838 saeva

112 1860 150 1921 20
159 1858 351 1938 patiebamur
361 1881 372 1953 z·
403 1859 501 1920 hostes
528 1857 567 1918 ab
594 1858 700 1930 latere,
726 1877 780 1918 vos
814 1857 904 1951 amici
931 1857 1046 1938 procul,

158 1960 395 2099 tffttfflttt
409 1937 1048 2098 iifniaiiaini'fftiiiffbiiiiiiipii

160 2101 227 2179 quis
251 2101 343 2160 hostis
368 2099 471 2160 nullus
495 2109 569 2173 erat,
590 2100 648 2159 nisi
669 2100 747 2159 forte
768 2119 856 2176 quem
876 2119 931 2159 vos
946 2099 1047 2180 jussis-

159 2181 236 2242 setis.
279 2180 360 2241 Eece
383 2189 485 2240 autem
509 2201 547 2241 ex
572 2180 736 2259 improviso
757 2179 921 2258 iugurtha,
942 2179 1048 2240 intole-

112 2261 257 2324 251anda
278 2261 414 2335 audacia,
428 2260 539 2322 scelere
559 2269 651 2339 atque
671 2258 813 2340 superbia
832 2280 894 2320 sese
914 2260 1047 2334 efferens,

160 2342 255 2402 fratre
279 2361 345 2402 meo
368 2350 460 2420 atque
483 2342 586 2402 eodem
611 2341 782 2420 propinquo
805 2360 859 2400 suo
879 2339 1047 2413 interfecto,

160 2422 292 2502 primum
320 2443 447 2502 regnum
474 2423 538 2502 ejus
564 2421 684 2483 sceleris
710 2420 757 2483 sui
784 2420 928 2500 praedam
956 2420 1047 2493 fecit;
1104 2445 1111 2456 ·

160 2511 235 2583 post,
250 2501 304 2562 ubi
324 2522 372 2562 me
393 2503 502 2563 eisdem
517 2502 594 2563 dolis
608 2502 713 2581 nequit
727 2522 843 2580 capere,
857 2500 934 2560 nihil
948 2502 1048 2562 minus

160 2603 252 2663 quam
262 2583 325 2645 vim
336 2591 390 2643 aut
400 2582 514 2643 bellum
525 2591 750 2662 exspectantem
758 2583 790 2642 in
801 2582 928 2661 imperio
936 2590 1047 2655 vostro,

112 2667 151 2727 30
159 2665 238 2725 sicut
265 2663 383 2736 videtis,
412 2673 563 2724 extorrem
598 2664 707 2742 patria,
738 2664 835 2735 domo,
864 2662 983 2741 inopem
1017 2671 1048 2722 et

160 2747 334 2824 coopertum
356 2744 481 2805 miseriis
502 2744 607 2816 effecit,
622 2752 657 2803 ut
677 2742 777 2805 ubivis
794 2743 891 2803 tutius
909 2763 1001 2821 quam
1015 2743 1047 2802 in

159 2845 226 2885 meo
240 2845 333 2903 regno
347 2845 447 2885 essem.
489 2824 557 2902 Ego
570 2824 614 2884 sic
627 2822 858 2896 existumabam‚
869 2831 970 2902 patres
981 2843 1048 2883 eon-

160 2906 274 2984 scripti,
289 2905 334 2965 uti
355 2905 579 2984 praedicantem
601 2904 779 2965 audiveram
799 2911 917 2982 patrem
937 2923 1047 2975 meum,

159 2986 212 3066 qui
225 2993 359 3047 vostram
381 2985 544 3045 amicitiam
565 2984 727 3062 diligenter
747 2983 888 3056 colerent,
902 3004 952 3044 eos
972 2984 1048 3043 mul·

111 3068 149 3128 35
158 3076 224 3127 tum
249 3064 383 3126 laborem
407 3065 566 3143 suscipere,
588 3074 722 3126 ceterum
742 3086 780 3124 ex
802 3063 940 3124 omnibus
964 3085 1047 3124 max-

158 3167 229 3207 ume
262 3155 343 3206 tutos
378 3166 447 3206 esse.
471 3179 474 3183 ·
504 3144 596 3221 Quod
631 3145 663 3204 in
697 3145 814 3204 familia
847 3153 950 3205 nostra
979 3145 1047 3218 fuit,

159 3225 318 3307 praestitit,
339 3226 384 3284 uti
407 3225 438 3284 in
460 3223 601 3285 omnibus
624 3224 712 3285 bellis
736 3225 851 3284 adesset
870 3224 973 3286 vobis:
994 3245 1048 3285 nos

159 3306 205 3365 uti
225 3325 279 3385 per
300 3305 394 3365 otium
415 3304 475 3365 tuti
496 3304 596 3375 simus,
612 3304 644 3364 in
658 3312 760 3364 vostra
773 3325 865 3364 manu
879 3313 933 3377 est,
947 3313 1048 3384 patres

159 3384 328 3467 conscripti.
370 3384 527 3445 Paternus
541 3384 617 3446 duos
630 3385 739 3446 fratres
753 3383 892 3466 reliquit;
914 3385 1046 3460 tertium,
