2392 3692
397 167 452 217 nn
471 167 590 216 annno
612 166 858 218 ruenarnrno.
1052 153 1096 219 85

156 329 300 409 Denique
313 329 411 390 hostes
420 330 486 408 jam
497 328 631 407 undique
640 327 707 388 firsi.
749 326 828 388 Tum
841 329 1047 407 spectaculum

75 447 80 456 ·
156 410 303 472 horribile
330 410 361 469 in
389 410 503 489 campis
530 407 721 488 patentibus:
748 409 841 487 sequi,
863 409 977 486 lugere,
1001 431 1046 470 oc-

156 492 228 563 cidi,
243 491 327 569 capi;
348 489 418 568 equi
439 498 530 568 atque
544 489 604 550 viri
624 488 750 562 adflicti,
764 509 801 550 ac
816 488 906 549 multi
920 490 1048 550 volneri-

155 571 214 632 bus
235 570 365 650 acccptis
385 589 483 648 neque
503 569 608 649 fugere
621 589 705 648 posse
718 590 816 649 neque
829 569 960 649 quietem
973 572 1047 664 pati,

154 652 214 712 niti
242 651 331 711 modo
357 670 393 711 ac
419 650 522 710 statim
550 649 726 723 concidere3
761 659 909 729 postremo
936 671 1047 723 omma,
1076 653 1095 708 5

154 753 218 812 qua
238 732 321 792 visus
343 739 419 804 erat,
440 738 593 791 constrata
619 729 696 803 telis,
720 731 821 804 armis,
840 731 1047 803 cadaveribus,

153 822 186 874 et
200 813 281 872 inter
294 832 330 873 ea
343 812 453 872 humus
467 810 579 872 infecta
592 811 748 890 sanguine.

196 893 267 956 102.
283 893 356 953 Post
369 913 405 952 ea
418 891 476 952 loci
490 891 594 952 consul
605 891 688 951 baud
699 890 791 952 dubie
800 891 866 971 jam
876 892 973 953 victor
983 913 1047 971 per-

154 974 242 1034 venit
252 974 284 1033 in
294 973 439 1052 oppidum
450 971 575 1044 Cirtam,
586 992 646 1051 quo
656 971 743 1032 initio
752 971 904 1051 profectus
914 973 1047 1033 intende

154 1063 214 1114 rat.
256 1053 303 1113 Eo
324 1062 390 1133 post
410 1052 491 1113 diem
511 1052 652 1132 quintum
673 1072 765 1131 quam
790 1051 900 1112 iterum
924 1052 1047 1113 barbari
1057 1055 1095 1114 10

154 1134 237 1194 male
250 1154 291 1213 pu
335 1142 471 1206 averant,
482 1133 575 1228 legati
589 1153 609 1192 a
623 1131 744 1198 Boccho
755 1133 892 1206 veniunt,
903 1134 955 1212 qui
969 1135 1047 1213 regis

155 1213 296 1275 verbisa
338 1212 439 1274 Mario
496 1223 601 1286 tivere,
614 1212 689 1273 duos
709 1233 801 1292 quam
821 1213 989 1274 fidissumos
1006 1215 1046 1276 ad

153 1316 227 1355 eum
248 1293 400 1366 mitteret;
420 1233 500 1355 vellee
513 1293 551 1355 de
564 1313 595 1354 se
609 1301 640 1354 et
653 1292 692 1353 de
704 1293 810 1372 populi
825 1293 956 1354 Romani
970 1316 1047 1356 eom·

154 1375 246 1435 modo
260 1395 329 1435 cum
344 1374 386 1434 eis
399 1374 549 1435 disserere.
591 1373 651 1434 Ille
663 1373 766 1434 statim
780 1373 816 1435 L.
830 1373 949 1435 Sullam
962 1385 993 1436 et
1006 1375 1046 1436 A.

154 1455 311 1517 Manlium
325 1455 369 1516 ire
379 1453 474 1534 jubet.
517 1454 581 1531 Qui
594 1474 779 1535 quamquam
792 1454 881 1515 acciti
894 1455 990 1530 ibant,
1004 1465 1048 1517 ta-
1057 1458 1095 1516 15

130 1581 138 1590 .
155 1556 227 1596 men
240 1535 358 1615 placuit
371 1535 466 1596 verba
485 1535 567 1615 apud
588 1554 690 1614 regem
711 1534 818 1607 faeere,
832 1535 877 1595 uti
891 1535 1047 1676 mffienium

154 1624 213 1677 aut
226 1636 366 1678 avorsum
381 1615 537 1676 flecterent
556 1624 611 1675 aut
631 1615 777 1694 cupidum
793 1615 927 1695 pacisve
948 1637 1047 1677 emen·

154 1698 218 1758 tius
231 1696 436 1758 accenderent.
478 1696 588 1776 Itaque
601 1694 697 1768 Sulla,
708 1696 793 1775 cujus
807 1695 975 1770 facundiae,
986 1717 1046 1757 non

155 1778 259 1849 aetati,
283 1797 302 1837 a
329 1775 448 1837 Manlio
475 1796 657 1850 concessum,
681 1796 779 1855 pauca
802 1775 896 1837 verba
922 1777 1047 1858 hujusce

156 1858 239 1918 modi
260 1857 395 1918 locutus:
417 1857 512 1918 “Rex
533 1856 663 1928 Bocche,
684 1877 796 1936 magna
820 1855 937 1917 laetitia
959 1852 1046 1918 nobis
1055 1859 1094 1919 20

155 1947 210 2010 est,
225 1958 293 1999 cum
314 1946 345 1999 te
365 1937 456 1998 talem
477 1937 578 1999 virum
599 1937 632 1997 di
652 1957 804 2010 monuere,
817 1937 863 1997 uti
882 1937 1047 2017 aliquando

156 2039 262 2098 pacem
283 2037 374 2098 quam
396 2017 510 2078 bellum
531 2017 645 2090 malles,
666 2037 725 2078 neu
746 2026 777 2078 te
797 2021 956 2097 'optumum
976 2039 1046 2080 cum

156 2118 294 2179 pessumo
321 2098 456 2160 omnium
484 2095 642 2178 Jugurtha
669 2097 821 2158 miscendo
848 2099 1046 2159 commacula

156 2199 213 2252 res,
236 2178 326 2239 simul
350 2177 436 2240 nobis
461 2178 594 2239 demeres
621 2177 762 2240 acerbam
788 2179 1046 2253 necessitudinem,

157 2259 272 2339 pariter
298 2268 329 2320 te
356 2267 507 2321 errantem
541 2267 633 2337 atque
660 2259 748 2318 illum
774 2258 1046 2320 sceleratissumum
1055 2261 1094 2320 25

197 2340 303 2418 rsequi.
346 2339 397 2399 Ad
412 2338 469 2402 hoc
482 2337 595 2420 populo
616 2338 755 2399 Romano
770 2339 836 2418 jam
857 2359 876 2399 a
896 2339 1046 2419 principio
1087 2375 1093 2382 ·

156 2361 271 2500 ffnopi]
289 2419 395 2480 melius
409 2420 506 2480 visum
527 2419 640 2480 amicos
660 2439 752 2498 quam
771 2439 872 2480 servos
892 2440 1044 2498 quaerere,

156 2501 311 2580 tutiusque
335 2501 394 2560 rati
414 2499 587 2561 volentibus
609 2519 702 2578 quam
726 2500 837 2560 coactis
860 2500 1041 2579 imperitare.

156 2581 226 2641 Tibi
237 2602 310 2642 vero
319 2580 407 2641 nulla
417 2579 615 2660 opportunior
624 2587 727 2640 nostra
736 2579 870 2641 amicitia
880 2603 888 2653 ;
902 2582 1044 2660 primum,

156 2663 229 2741 quia
256 2661 362 2740 procul
390 2661 541 2733 absumus,
565 2660 597 2719 in
626 2681 687 2739 quo
713 2660 841 2721 offensae
867 2661 1045 2737 minumum,
1054 2664 1092 2723 30

156 2742 256 2822 gratia
280 2761 337 2820 par
361 2741 444 2802 acsi
467 2761 561 2820 prope
583 2740 770 2813 adessemus3
794 2740 874 2813 dein,
898 2743 970 2820 quia
994 2763 1046 2822 pa·

156 2832 256 2884 rentes
270 2821 390 2882 abunde
404 2820 558 2894 habemus,
569 2821 736 2882 amicorum
745 2841 843 2900 neque
852 2820 940 2882 nobis
949 2843 1046 2902 neque

156 2904 299 2982 cuiquam
323 2902 458 2963 omnium
482 2902 553 2963 satis
576 2901 644 2962 fuit.
685 2900 790 2981 Atque
809 2901 867 2964 hoc
887 2903 1006 2964 utinam
1026 2924 1053 2964 a

156 2984 305 3065 principio
332 2982 389 3044 tibi
416 2982 593 3062 placuisset:
621 2982 757 3062 profecto
783 3003 822 3044 ex
849 2983 963 3062 populo
986 2983 1045 3045 Ro

156 3085 247 3124 mano
268 3063 308 3126 ad
329 3063 386 3125 hoc
405 3073 525 3142 tempus
545 3062 642 3123 multo
662 3062 754 3143 plura
774 3063 854 3124 bona
873 3064 1043 3143 accepisses,
1054 3063 1091 3125 35

156 3165 249 3224 quam
270 3143 351 3204 mala
409 3164 526 3223 rpessus
546 3163 630 3203 esses.
671 3143 731 3204 Sed
744 3144 887 3222 quoniam
899 3144 1046 3204 humana·

155 3245 226 3286 rum
246 3245 349 3284 rerum
368 3164 492 3284 bertuna
512 3223 656 3302 pleraque
677 3224 763 3304 regit,
778 3224 828 3285 cui
847 3223 963 3284 scilieet
982 3223 1045 3303 pla-

156 3306 221 3367 cuit
240 3314 271 3366 et
291 3305 355 3366 vim
382 3314 413 3366 et
439 3303 569 3383 gratiam
590 3311 723 3362 nostram
742 3313 774 3363 te
793 3303 934 3379 experiri,
954 3322 1045 3373 nunc,

156 3385 280 3466 quando
307 3405 361 3466 per
387 3383 473 3446 illam
501 3383 581 3454 lieet,
605 3382 714 3442 festina
741 3389 833 3459 atque
859 3387 895 3438 ut
922 3380 1044 3458 coepisti
