2392 3692
133 137 179 206 54
423 155 449 204 c.
470 153 650 204 snnsosn
672 154 791 204 cassin

183 324 231 374 tra
255 334 291 374 ea
315 312 458 392 oppidani
482 312 515 372 in
539 331 704 392 proxumos
727 332 803 372 saxa
823 311 954 385 volvere,
973 314 1074 388 sudes,

183 395 256 475 pila,
270 402 426 473 praeterea
446 392 544 472 picem
565 391 712 472 sulphure
725 401 756 454 et
770 394 861 453 taeda
876 394 1006 454 mixtam
1026 415 1075 455 ar-

182 475 267 536 denti
295 474 422 535 mittere.
478 473 537 534 Sed
565 494 603 534 ne
631 473 699 534 illos
726 473 858 552 quidem,
886 475 938 554 qui
965 477 1074 554 procul

183 563 364 627 manserant,
385 554 477 614 timor
498 554 591 614 animi
615 555 688 615 satis
709 555 898 627 muniverat,
919 575 991 615 nam
1011 556 1074 636 ple·

155 639 290 716 brosque
310 634 416 716 jacula
436 635 593 696 tormentis
616 644 671 694 aut
695 655 788 696 mauu
809 636 916 696 emissa
935 636 1074 698 volnera-

182 718 266 791 bant,
281 717 408 796 parique
422 715 566 796 periculo,
580 716 633 776 sed
653 716 737 777 fama
756 717 875 796 impari,
889 716 962 776 boni
982 726 1074 796 atque

182 799 191 857 i
235 799 285 859 avi
298 806 393 858 erant.

192 819 272 941 guid.
294 878 379 938 Dum
400 877 481 958 apud
503 875 627 938 Zamam
641 877 685 939 sic
699 886 841 951 certatur,
855 876 1014 957 Iugurtha
1033 899 1073 939 ex

185 959 348 1039 improviso
362 968 461 1020 castra
474 957 607 1020 hostium
621 978 690 1019 cum
705 979 817 1038 magna
836 978 930 1019 manu
944 959 1073 1031 invadit,

138 1041 174 1100 10
184 1040 312 1100 remissis
339 1040 391 1118 qui
420 1041 452 1099 in
479 1039 629 1120 praesidio
663 1048 760 1112 erant,
788 1048 818 1100 et
845 1040 946 1099 omnia
976 1040 1074 1119 magis

183 1141 274 1199 quam
308 1121 457 1199 proelium
492 1120 738 1200 exspectantibus
771 1128 890 1200 portam
920 1120 1073 1200 irrumpit.

184 1201 229 1261 Ar
242 1202 345 1274 nostri,
361 1202 518 1281 repentino
539 1210 622 1263 metu
644 1201 782 1281 perculsi,
795 1200 854 1260 sibi
872 1200 1000 1280 quisque
1018 1222 1074 1281 pro

183 1281 317 1342 moribus
345 1282 524 1355 consulunt;
552 1283 605 1342 alii
628 1283 741 1361 fugere,
762 1281 816 1341 alii
843 1300 929 1341 arma
957 1301 1074 1362 capere,

184 1383 295 1442 magna
314 1383 385 1442 pars
398 1363 548 1424 volnerati
563 1371 617 1422 aut
630 1363 727 1424 occisi.
769 1361 910 1422 Ceterum
931 1383 970 1423 ex
992 1363 1075 1422 omni

34 1433 37 1439 ¹
138 1443 380 1505 lbmultitudine
417 1465 478 1504 non
517 1443 647 1523 amplius
681 1441 893 1523 quadraginta,
928 1463 1074 1504 memores

184 1525 313 1585 nominis
341 1525 482 1597 Romani,
507 1544 597 1604 grege
624 1523 705 1584 facto
729 1522 829 1584 locum
854 1543 958 1602 cepere
982 1524 1075 1603 paulo

184 1626 275 1684 quam
296 1605 349 1665 alii
370 1606 535 1678 editiorem,
550 1625 647 1682 neque
666 1604 737 1664 inde
756 1624 901 1663 maxuma
914 1605 947 1664 vi
960 1605 1075 1684 depelli

184 1686 357 1764 quiverunt,
372 1686 423 1746 sed
436 1685 498 1746 tela
511 1685 628 1746 eminus
648 1685 738 1744 missa
758 1685 918 1757 remittere,
933 1686 1023 1764 pauci
1041 1687 1075 1746 in

184 1765 323 1846 pluribus
343 1767 442 1826 minus
462 1766 621 1838 frustrari;
642 1766 689 1825 sin
709 1763 862 1825 Numidae
881 1765 1006 1844 propius
1026 1787 1074 1826 ac-

137 1848 175 1908 20
185 1848 345 1920 cessissent,
367 1846 409 1907 ibi
430 1868 502 1907 vero
523 1847 668 1907 virtutem
689 1845 846 1906 ostendere
865 1854 896 1906 et
916 1866 965 1906 eos
990 1867 1074 1906 max-

184 1948 256 1988 uma
282 1929 316 1988 vi
343 1928 475 2000 caedere,
503 1927 630 1987 fundere
656 1935 748 2005 atque
774 1925 891 2005 fugare.
946 1926 1074 1988 Interim

185 2008 336 2081 Metellus,
353 2028 420 2068 cum
440 2028 595 2069 acerrume
609 2027 672 2067 rem
686 2015 812 2086 gereret,
827 1989 988 2068 clamorem
1009 2009 1075 2068 hos

185 2089 269 2149 tilem
291 2109 310 2148 a
329 2099 414 2168 tergo
434 2089 568 2168 accepit3
589 2088 659 2148 dein
680 2108 825 2149 convorso
843 2108 920 2167 equo
938 2088 1075 2148 animad-

185 2169 279 2231 vortit
298 2169 403 2247 fugam
422 2170 464 2229 ad
484 2189 515 2230 se
529 2189 651 2230 vorsum
664 2168 747 2240 fieri;
767 2188 845 2248 quae
858 2188 906 2229 res
918 2168 1075 2230 indicabat

138 2251 176 2311 25
185 2250 345 2330 populares
358 2269 428 2310 esse.
470 2248 571 2328 Igitur
626 2250 758 2310 uitatum
775 2269 893 2309 omnem
914 2250 954 2309 ad
974 2259 1075 2312 castra

185 2351 310 2410 propere
331 2329 412 2390 misit
432 2349 468 2390 ac
488 2330 590 2390 statim
632 2330 788 2389 .Marium
809 2350 879 2390 cum
900 2330 1075 2392 cohortibus

185 2411 341 2484 sociorum,
360 2431 489 2490 eumque
510 2411 682 2472 lacrumans
703 2431 758 2489 per
777 2410 941 2471 amicitiam
961 2431 1075 2492 perque

185 2491 417 2571 rempublicam
432 2491 576 2564 obsecrat,
591 2511 629 2551 ne
643 2511 734 2571 quam
748 2491 963 2552 contumeliam
979 2513 1074 2552 rema-

186 2594 257 2633 nere
281 2573 313 2633 in
337 2573 472 2633 exercitu
492 2573 617 2643 victore,
638 2592 714 2632 neve
735 2572 833 2632 hostes
853 2572 966 2632 inultos
989 2572 1074 2632 abire

138 2655 177 2716 30
185 2654 272 2716 sinat.
325 2653 382 2714 llle
410 2653 495 2714 brevi
523 2653 669 2712 mandata
695 2652 794 2713 efficit.
843 2652 889 2712 At
916 2651 1073 2732 Jugurtha

185 2734 372 2795 munimento
387 2743 553 2795 castrorum
572 2733 743 2812 impeditus,
758 2753 827 2794 cum
841 2733 893 2792 alii
906 2753 998 2812 super
1012 2733 1073 2794 val-

185 2816 249 2876 lum
263 2816 544 2894 praecipitarentur,
559 2814 613 2874 alii
633 2814 666 2873 in
687 2814 832 2893 angustiis
852 2813 910 2952 ipsi
929 2813 987 2874 sibi
1008 2835 1072 2893 pre

185 2904 324 2976 perantes
352 2895 512 2967 officerent,
534 2893 637 2954 multis
664 2895 779 2954 amissis
805 2895 838 2952 iu
877 2914 932 2955 oca
955 2895 1072 2954 munita

185 2997 247 3038 sese
281 2977 401 3055 recepit.
450 2975 593 3035 Metellus
621 2974 731 3035 infecto
758 2974 887 3054 negotio,
914 2983 1069 3054 postquam

139 3058 176 3118 35
185 3079 247 3118 nox
261 3057 376 3128 aderat,
390 3057 421 3115 in
437 3064 535 3116 castra
549 3075 619 3116 cum
632 3056 766 3116 exercitu
781 3055 954 3116 revortitur.

227 3139 277 3199 ⁶9.
300 3137 400 3215 Igitur
413 3145 530 3214 postero
549 3136 607 3205 die,
622 3137 706 3212 prius
726 3156 818 3214 quam
839 3135 877 3194 ad
899 3155 1071 3214 oppugnan-

186 3217 260 3276 dum
274 3217 475 3295 egrederetur,
490 3216 659 3293 equitatum
674 3235 792 3274 omnem
807 3216 839 3273 in
852 3235 889 3274 ea
902 3224 998 3294 parte,
1012 3235 1071 3294 qua

186 3297 264 3374 regis
284 3296 433 3357 adventus
453 3303 527 3365 erat,
542 3314 596 3372 pro
611 3294 715 3353 castris
729 3295 845 3372 agitare
861 3295 957 3373 jubet,
971 3305 1071 3374 portas

187 3385 217 3435 et
230 3395 381 3456 proxuma
395 3373 462 3434 loca
474 3373 606 3433 tribunis
619 3373 766 3452 dispertit,
777 3374 885 3434 deinde
898 3376 962 3456 ipse
974 3376 1071 3457 pergit

1182 1502 1186 1751 Ι

1181 1784 1186 2063 l

1181 2066 1186 2301 l

1181 2622 1186 2863 Ι

1182 2882 1186 3143 Ι
