2392 3692
110 78 150 140 16
396 93 421 142 c.
441 92 619 143 satanam
641 92 761 142 aarum

157 249 266 311 Africa
279 271 424 331 magnum
438 259 529 331 atque
543 250 605 311 late
619 250 780 330 imperium
794 251 902 325 valuit,
916 251 1044 330 populus

157 330 313 392 Romanus
329 352 473 410 quaecum
494 351 533 392 ue
546 330 636 392 urbes
650 340 680 392 et
693 352 781 411 agros
801 352 893 392 manu
915 340 1044 411 ceperat,

157 411 222 491 regi
242 413 320 473 dono
340 412 433 472 dedit.
475 352 576 492 lgitur
603 411 737 473 amicitia
764 411 942 473 Masinissae
965 411 1045 472 bona

157 500 249 572 atque
262 492 388 554 honesta
401 492 486 554 nobis
499 493 673 572 permansit.
714 492 774 553 Sed
787 493 829 553 im
869 493 1046 572 rivitaeque

130 572 223 651 5ejus
244 573 314 634 linis
335 573 415 634 idem
440 573 508 633 fuit.
550 572 632 633 Dein
659 573 789 653 Micipsa
811 573 892 634 fi'us
918 593 1044 652 regnum

157 653 238 714 solus
271 653 411 728 obtinuit,
439 653 652 714 Mastanabale
678 663 709 714 et
736 652 870 734 Gulussa
900 653 1045 715 fratribus

158 733 263 795 morbo
283 734 457 814 absumptis.
500 734 531 794 Is
551 733 761 794 Adherbalem
784 744 815 795 et
837 733 1045 813 Hiempsalem

158 833 197 874 ex
217 835 280 876 sese
300 815 414 895 genuit,
428 814 685 894 Jugurthamque,
705 814 804 874 filium
826 812 1046 875 Mastanabalis

158 893 270 968 fratris,
291 916 381 975 quem
401 895 570 968 Masinissa,
592 895 673 974 quod
701 903 785 956 ortus
811 915 851 956 ex
878 893 1046 956 concubina

112 975 150 1035 10
158 984 232 1048 erat,
246 976 401 1056 privatum
420 976 631 1055 dereliquerat,
645 975 750 1036 eodem
765 975 850 1036 cultu
864 996 924 1056 quo
938 974 1047 1036 liberos

158 1075 226 1117 suos
238 1057 321 1117 domi
334 1056 450 1118 habuit

200 1138 228 1199 6.
244 1136 308 1213 Qui
318 1136 372 1198 ubi
381 1136 514 1216 primum
524 1136 667 1210 adolevit,
676 1135 793 1215 pollens
802 1135 928 1210 viribus,
938 1134 1047 1198 decora

59 1224 63 1230 '
159 1216 245 1292 facie,
268 1218 320 1279 sed
344 1218 441 1279 multo
465 1237 609 1278 maxume
632 1217 755 1296 ingenio
778 1217 907 1290 validus,
932 1237 993 1278 non
1016 1237 1047 1277 se

159 1298 237 1360 luxu
260 1317 358 1378 neque
384 1299 510 1359 inertiae
530 1298 786 1377 corrumpendum
806 1298 898 1370 dedit,
919 1298 980 1371 sed,
1001 1297 1048 1358 uti

113 1378 223 1440 15mos
242 1379 341 1459 gentis
360 1377 443 1440 illius
463 1389 517 1452 est,
538 1378 684 1458 equitare,
701 1378 841 1458 jaculari,
867 1399 956 1440 cursu
978 1399 1047 1439 cum

159 1459 337 1539 aequalibus
364 1467 488 1534 certme,
509 1468 539 1520 et
560 1480 630 1520 cum
658 1479 760 1520 omnes
786 1459 884 1538 gloria
911 1459 1047 1532 anteiret,

159 1540 300 1601 omnibus
312 1549 415 1601 tamen
429 1561 516 1602 carus
529 1560 611 1613 esse;
630 1540 670 1599 ad
683 1539 741 1600 hoc
755 1539 900 1619 pleraque
912 1548 1048 1633 tempora

160 1621 193 1681 in
213 1622 353 1683 venando
373 1641 470 1700 agere,
491 1621 608 1682 leonem
628 1628 721 1699 atque
742 1621 817 1680 alias
837 1620 916 1681 feras
933 1639 1049 1699 pr1mus

160 1710 215 1764 aut
228 1703 261 1762 in
295 1701 379 1762 rimis
389 1701 487 1774 ferire,
498 1701 677 1781 plurumum
688 1701 794 1772 facere,
806 1701 975 1760 minumum
986 1701 1049 1779 ipse

113 1779 152 1840 20
161 1784 199 1844 de
222 1803 254 1844 se
274 1722 369 1861 loqui.
412 1781 532 1858 Quibus
556 1780 646 1842 rebus
670 1780 803 1860 Micipsa
822 1780 943 1842 tametsi
962 1780 1049 1841 initio

160 1864 258 1925 laetus
275 1863 384 1936 fuerat,
398 1863 583 1923 existumans
596 1863 742 1923 virtutem
762 1861 936 1942 Jugurthae
957 1882 989 1922 re
1031 1883 1049 1922 o

160 1965 214 2006 suo
235 1943 349 2024 gloriae
369 1942 442 2017 fore,
460 1952 562 2004 tamen
582 1952 742 2022 postquam
762 1941 914 2004 hominem
934 1943 994 2003 adu
1007 1963 1049 2002 es-

160 2035 287 2099 sentem,
307 2032 417 2086 exacta
440 2043 495 2084 sua
519 2032 618 2084 aetate
642 2031 672 2084 et
694 2023 797 2102 parvis
818 2022 928 2096 liberis,
953 2023 1049 2102 magis

160 2106 315 2186 magisque
336 2125 467 2167 crescere
487 2103 646 2184 intellegit,
660 2103 854 2165 vehementer
874 2125 909 2165 eo
928 2104 1048 2184 negotio

113 2179 152 2240 25
160 2196 322 2266 permotus,
337 2186 435 2247 multa
448 2207 517 2247 cum
531 2185 633 2245 animo
646 2204 700 2245 suo
711 2183 863 2246 volvebat.
903 2183 1048 2245 Terrebat

160 2288 231 2328 eum
244 2276 356 2328 natura
369 2266 542 2328 mortalium
563 2265 655 2327 avida
674 2265 783 2344 imperi
802 2275 833 2327 et
853 2285 995 2345 praeceps
1008 2265 1048 2324 ad

160 2348 343 2428 explendam
364 2348 458 2407 animi
475 2346 658 2426 cupidinem,
672 2355 827 2425 praeterea
841 2345 1049 2425 opportunitas

160 2449 232 2489 suae
259 2426 483 2506 liberorumque
517 2427 634 2500 aetatis,
661 2446 739 2505 quae
766 2426 858 2486 etiam
885 2425 1048 2486 mediocres

161 2509 241 2571 viros
267 2528 319 2587 spe
346 2508 475 2587 praedae
502 2516 690 2569 transvorsos
709 2507 790 2586 agit;
811 2507 851 2567 ad
871 2506 929 2567 hoc
948 2506 1049 2566 studia

114 2580 152 2641 30
162 2589 367 2649 Numidarum
390 2588 423 2648 in
446 2587 635 2667 Jugurtham
661 2608 794 2661 accensa,
819 2586 999 2666 exquibus,
1022 2587 1049 2646 si

164 2670 257 2731 talem
277 2669 378 2731 virum
399 2667 476 2729 dolis
500 2669 707 2741 interfecisset,
727 2688 765 2729 ne
786 2687 846 2747 qua
866 2667 972 2728 seditio
995 2675 1048 2726 aut

164 2750 278 2812 bellum
292 2749 429 2822 oriretur,
443 2749 553 2810 anxius
565 2758 639 2809 erat.

201 2833 227 2894 7.
244 2831 304 2890 His
314 2829 541 2892 difficultatibus
552 2830 785 2902 circumventus,
796 2828 850 2889 ubi
857 2827 942 2889 videt
951 2847 1048 2906 neque

161 2912 291 2994 pervim
311 2931 408 2990 neque
428 2910 541 2971 insidiis
562 2909 693 2990 opprimi
711 2930 795 2990 posse
813 2908 965 2969 hominem
984 2916 1048 2968 tarn

115 2996 153 3055 35
163 3000 320 3072 acceptum
347 2989 552 3071 popularibus,
577 2991 658 3070 quod
685 3000 751 3051 erat
774 2989 932 3070 Jugurtha
955 3008 1046 3048 manu

162 3081 318 3154 promptus
338 3081 368 3132 et
389 3080 532 3150 appetens
553 3071 666 3150 gloriae
687 3071 835 3145 militaris,
852 3068 958 3132 statuit
979 3089 1048 3129 eum

162 3155 312 3233 objectare
369 3151 474 3212 riculis
493 3161 523 3211 et
544 3172 579 3212 eo
600 3152 689 3212 modo
712 3153 866 3212 fortunam
890 3159 1047 3229 temptare.

163 3235 263 3314 Igitur
282 3233 363 3293 belo
383 3231 572 3292 Numantino
601 3232 738 3310 Micipsa,
760 3252 828 3292 cum
850 3231 962 3312 populo
991 3229 1049 3291 Ro

164 3335 253 3375 mano
287 3313 422 3391 equitum
459 3321 550 3390 atque
584 3312 722 3389 peditum
755 3311 873 3371 auxilia
906 3312 1049 3385 mitteret,
