2392 3692
107 95 150 161 84
394 111 421 162 c.
441 110 619 162 susanam
640 110 761 161 curse!

155 287 201 329 res
214 267 338 349 publica
351 269 465 348 pariter
479 289 515 329 ac
528 268 710 330 saevissumo
723 267 849 348 imperio
863 267 939 328 bene
952 277 1045 348 atque

154 350 261 492 deliri.
274 358 383 510 llgsitiir
396 439 504 509 quarto
518 429 647 508 denique
660 430 708 491 die
722 429 806 490 haud
824 429 914 509 longo
933 429 974 490 ab
994 451 1045 510 op

154 510 226 589 pido
237 510 322 572 Cirta
336 511 471 590 undique
484 510 575 571 simul
589 509 792 589 speculatores
806 510 859 571 citi
872 531 935 571 sese
949 519 1045 571 osten-

127 591 241 663 5dnnt,
263 611 323 670 qua
347 611 379 651 re
403 591 501 653 hostes
525 591 627 652 adesse
650 591 846 670 intellegitur.
887 589 947 651 Sed
972 592 1045 670 quia

154 671 266 732 divorsi
291 671 450 732 redeuntes
473 671 550 732 alius
574 670 614 731 ab
638 671 699 731 alia
719 680 806 751 parte
826 680 918 750 atque
941 692 1045 732 omues

155 751 235 810 idem
258 751 479 831 significabant,
503 751 607 812 consul
635 752 776 825 incertus,
801 772 933 832 quonam
954 752 1045 813 modo

154 831 434 904 acieminstrueret,
448 831 533 892 nullo
554 831 659 892 ordine
680 841 865 894 commutato
880 833 1043 893 advorsum

154 913 255 973 omnia
282 921 406 992 paratus
433 912 555 973 ibidem
574 913 738 993 opperitur.
780 913 830 973 Ita
854 913 1043 992 Jugurtham

107 992 219 1071 10spes
246 993 401 1066 frustrata,
422 994 475 1072 qui
501 994 602 1072 copias
628 993 660 1052 iu
676 1003 832 1072 ¹quattuor
857 1002 959 1073 partes
987 994 1044 1054 dis-

154 1072 312 1147 tribuerat,
326 1082 410 1134 ratus
431 1094 470 1133 ex
491 1073 631 1134 omnibus
650 1093 745 1153 aeque
765 1073 882 1152 aliquos
900 1074 939 1134 ab
957 1082 1044 1154 tergo

154 1152 290 1243 hostibus
317 1163 467 1216 venturos.
510 1154 639 1214 Interim
669 1153 765 1227 Sulla,
793 1175 882 1233 quem
909 1155 1044 1233 primum

154 1234 252 1294 hostes
286 1235 459 1314 attigerant,
494 1235 668 1296 cohortatus
708 1255 785 1307 suos,
819 1235 978 1295 turmatim
1012 1244 1044 1297 et

155 1335 246 1392 quam
271 1335 413 1375 maxume
437 1315 577 1376 confertis
597 1315 681 1394 equis
701 1315 765 1394 ipse
785 1314 897 1394 aliique
918 1314 1045 1376 Mauros

108 1393 145 1453 15
155 1395 314 1468 invadunt,
329 1396 420 1456 ceteri
434 1395 465 1456 in
479 1395 545 1457 loco
563 1404 719 1456 manentes
739 1394 779 1455 ab
795 1395 906 1474 jaculis
926 1396 1044 1456 eminus

154 1475 266 1536 emissis
281 1497 406 1556 corpora
419 1484 529 1556 tegere,
542 1484 573 1538 et
593 1477 619 1537 si
639 1477 692 1556 qui
712 1476 744 1536 in
765 1496 872 1536 manus
886 1485 1043 1549 venerant,

154 1555 343 1618 obtruncare.
399 1556 483 1617 Dum
517 1577 551 1617 eo
585 1557 675 1618 modo
705 1556 820 1636 equites
846 1556 1043 1635 proeliantur,

154 1636 292 1699 Bocchus
314 1658 382 1698 cum
403 1637 563 1716 peditibus,
585 1658 660 1717 quos
680 1637 786 1698 Volux
807 1636 887 1697 filius
907 1637 972 1715 ejus
991 1638 1043 1697 ad-

153 1719 284 1778 duxerat
308 1737 405 1797 neque
429 1718 462 1777 in
483 1718 583 1796 priore
606 1738 719 1797 pugna.
740 1718 773 1777 in
792 1717 899 1777 itinere
922 1719 1043 1791 morati,

106 1797 323 1872 20adfuerant,
337 1807 518 1878 postremam
536 1798 744 1859 Romanorum
765 1798 859 1858 aciem
880 1798 1041 1858 invadunt.

153 1879 232 1938 Tum
247 1880 363 1939 Marius
378 1880 459 1958 apud
473 1879 584 1957 primos
599 1878 717 1958 agebat,
752 1878 813 1938 uod
826 1877 870 1938 ibi
884 1877 927 1939 Ju
971 1879 1043 1939 rtha

153 1980 222 2020 cum
242 1960 392 2038 plurumis
413 1968 487 2020 erat.
529 1958 611 2019 Dein
632 1899 777 2032 Numida,
792 1959 911 2038 cognito
974 1959 1043 2020 cohi

153 2040 296 2111 adventu,
311 2039 389 2100 clam
407 2061 476 2101 cum
491 2039 594 2118 paucis
615 2040 655 2100 ad
675 2039 789 2118 pedites
810 2040 977 2113 convortit;
997 2040 1042 2100 ibi

152 2119 373 2180 Latine-uam
401 2120 484 2199 apud
512 2119 712 2180 Numantiam
743 2118 826 2198 loqui
853 2119 1042 2180 didicerat—

105 2200 144 2260 25
153 2200 314 2273 exclamat,
335 2209 450 2262 nostros
472 2201 584 2261 frustra
605 2220 749 2279 pugnare,
792 2201 863 2260 aulo
883 2208 954 2260 ante
975 2198 1041 2260 Ma-

153 2281 232 2340 rium
246 2301 300 2341 sua
314 2301 406 2340 manu
417 2281 626 2353 interfectum
640 2279 730 2341 simul
744 2221 881 2360 glidium
894 2281 1041 2359 sanguine

153 2359 279 2421 oblitum
294 2361 457 2435 ostendere,
472 2382 561 2441 quem
582 2362 614 2422 in
634 2381 738 2440 pugna
757 2361 829 2422 satis
847 2361 976 2440 impigre
994 2381 1040 2422 oc·

153 2442 212 2502 ciso
232 2442 333 2521 pedite
353 2450 456 2503 nostro
477 2450 696 2503 cruentaverat.
740 2441 831 2518 Quod
852 2440 906 2501 ubi
929 2440 1040 2501 milites

152 2543 302 2601 accepere,
323 2523 419 2602 magis
439 2523 597 2583 atrocitate
619 2523 662 2583 rei
682 2543 772 2601 quam
794 2521 853 2582 fide
873 2521 962 2581 nunti
982 2529 1040 2581 ter-

105 2603 143 2663 30
152 2611 266 2676 rentur,
280 2603 430 2683 simulque
444 2603 566 2663 barbari
585 2604 701 2663 animos
714 2601 820 2663 tollere
833 2610 864 2662 et
877 2601 909 2661 in
924 2602 1039 2680 percul-

151 2703 196 2744 sos
221 2683 372 2744 Romanos
398 2684 495 2744 acrius
519 2684 665 2746 incedere.
715 2682 846 2762 Jamque
869 2682 995 2762 paulum
1020 2704 1040 2742 a

151 2765 224 2843 fuga
248 2763 384 2837 aberant,
409 2784 478 2825 cum
503 2762 597 2836 Sulla,
622 2763 789 2843 profligetis
816 2763 866 2836 eis,
891 2784 965 2843 quos
987 2764 1039 2823 ad·

151 2865 272 2905 vorsum
299 2845 385 2917 ierat,
409 2845 527 2904 rediens
554 2844 593 2904 ab
621 2844 716 2905 latere
750 2845 868 2904 Mauris
901 2843 1036 2904 incurrit.

152 2923 289 2986 Bocchus
309 2925 412 2986 stetim
433 2925 591 2985 avortitur.
634 2924 678 2985 At
698 2924 864 3004 «iugurtha,
885 2923 958 2984 dum
977 2943 1037 2984 aus-

104 3005 142 3063 35
151 3013 268 3066 tentare
281 3025 349 3066 suos
363 3014 393 3065 et
406 3025 500 3084 prope
510 3005 575 3084 jam
590 3005 731 3084 adeptam
740 3005 899 3066 victoriam
910 3004 1037 3065 retinere

152 3086 244 3163 eupit,
267 3086 490 3146 circumventus
517 3084 556 3144 ab
584 3085 742 3162 equitibus,
766 3085 884 3156 dextra,
908 3085 1036 3156 sinistra,

152 3165 289 3224 omnibus
303 3165 414 3236 occisis,
428 3165 507 3224 solus
528 3165 607 3224 inter
627 3165 689 3224 tela
707 3165 838 3225 hostium
853 3164 1037 3227 vitabundus

151 3244 290 3322 erumpit.
332 3243 435 3322 Atque
456 3244 576 3302 interim
597 3244 723 3316 Marius,
744 3245 857 3324 firgetis
877 3245 1037 3324 equitibus,

152 3323 287 3382 adcurrit
321 3323 435 3382 auxilio
470 3323 539 3394 suis,
567 3343 642 3400 quos
669 3323 741 3402 pelli
771 3327 836 3403 jam
871 3333 1035 3405 acceperat
