2392 3692
96 116 140 182 24
383 124 607 184 1111111111
629 130 751 182 carso!

145 289 228 370 apud
243 289 312 350 deos
326 288 510 351 immortales
524 311 627 350 rerum
640 289 844 350 humanarum
866 309 940 350 cura
960 289 1033 351 1111·

145 381 214 432 tur:
229 392 267 431 ne
280 370 341 444 ille,
352 371 405 449 qui
416 392 497 431 nunc
511 370 672 431 sceleribus
682 370 744 431 suis
752 369 839 430 ferox
850 380 941 449 atque
951 391 1035 449 prae

146 452 245 514 clarus
279 460 332 526 est,
361 451 500 511 omnibus
534 450 622 510 malis
652 451 845 512 excruciatus
871 451 1036 530 impietatis

146 533 178 592 in
199 539 354 611 parentem
374 541 519 604 nostrum,
535 531 638 591 fratris
659 531 718 591 mei
738 531 819 592 necis
839 551 1035 610 mearumque

119 613 335 672 5miseriarum
350 632 457 690 graves
471 631 582 690 poenas
596 611 713 671 reddat.
754 611 828 672 Jam
844 611 910 690 jam
930 611 1034 684 freter,

147 693 248 754 animo
268 713 334 752 meo
356 692 524 764 carissume,
539 712 724 770 quamquam
744 690 809 752 tibi·
822 691 985 752 immaturo
1005 701 1035 752 et

147 774 229 834 unde
237 774 371 833 minume
380 772 481 834 decuit
492 773 556 834 vita
566 781 671 851 erepta
681 780 734 845 est,
744 779 847 832 tamen
857 771 1035 842 laetandum

147 854 243 932 magis
257 874 348 932 quam
363 853 527 913 dolendum
541 862 616 932 puto
630 873 733 913 casum
752 862 859 925 tuum;
879 853 1035 913 nonenim

146 954 283 1013 regnum,
304 932 356 994 sed
383 933 496 1011 fiigam,
518 932 669 1006 exsilium,
688 941 850 1013 egestatem
876 942 907 994 et
933 953 1036 994 omnes

101 1015 210 1087 thas,
225 1035 303 1093 quae
321 1035 369 1074 me
387 1024 538 1093 premunt,
553 1034 713 1074 aerumnas
733 1034 803 1075 cum
823 1013 925 1073 anima
944 1013 1036 1073 simul

147 1095 280 1156 amisisti.
322 1094 367 1155 At
381 1115 436 1174 ego
450 1094 567 1167 infelix,
579 1095 611 1154 in
625 1102 713 1154 tanta
727 1094 809 1154 mala
819 1094 1036 1173 praecipitatus

147 1198 187 1238 ex
214 1175 312 1255 patrio
340 1195 440 1254 regno,
469 1195 570 1235 rerum
598 1175 803 1235 humanorum
830 1175 1036 1254 spectaculum

148 1255 285 1336 praebeo,
301 1256 434 1316 incertus
454 1255 527 1334 quid
548 1276 646 1334 agam,
665 1265 773 1316 tuasne
794 1255 921 1335 injurias
940 1276 1036 1334 perse

148 1358 233 1417 quar,
245 1338 308 1416 ipse
318 1335 415 1396 auxili
424 1356 521 1414 egens,
531 1357 570 1396 11
579 1356 672 1415 regno
684 1335 846 1409 consulam,
858 1336 945 1416 cujus
953 1336 1036 1397 vitae

101 1419 138 1479 15
148 1419 288 1496 necisque
302 1425 433 1496 potestas
446 1437 485 1476 ex
500 1416 607 1496 opibus
628 1416 734 1477 alienis
747 1417 865 1495 pendet.
908 1415 1036 1478 Utinam

147 1498 241 1560 emori
255 1497 384 1558 fortunis
398 1497 471 1558 meis
484 1497 627 1558 honestus
645 1497 746 1557 exitus
762 1505 846 1569 esset,
860 1517 919 1557 neu
933 1497 1036 1558 vivere
1077 1570 1082 1576 ,

148 1588 337 1658 contemptus
352 1579 479 1652 viderer,
490 1578 515 1638 si
530 1578 660 1639 defessus
674 1577 762 1638 malis
775 1577 906 1656 injuriae
920 1598 1036 1638 conces-

147 1661 257 1721 sissem.
300 1659 392 1720 Nunc
405 1680 502 1738 neque
515 1659 618 1720 vivere
638 1657 733 1731 lubet,
747 1678 844 1736 neque
865 1659 942 1718 mori
962 1658 1036 1720 licet

147 1743 211 1802 sine
225 1741 378 1802 dedecore.
421 1739 527 1802 Patres
541 1739 711 1818 conscripti,
723 1759 777 1818 per
787 1759 849 1811 vos,
860 1759 914 1818 per
927 1739 1036 1800 liberos

101 1824 239 1901 20atque
262 1829 402 1901 parentes
422 1831 547 1894 vostros,
568 1840 622 1899 per
645 1820 832 1898 majestatem
852 1819 957 1898 populi
977 1819 1037 1880 Re

149 1903 240 1974 mani,
264 1903 423 1964 subvenite
447 1901 522 1961 mihi
545 1900 662 1973 misero,
687 1899 729 1960 ite
752 1899 874 1961 obviam
898 1900 1036 1979 injuriae,

22 2051 25 2054 ,
148 1983 242 2044 111111
256 1984 320 2062 pati
335 2002 462 2062 regnum
476 1981 649 2054 Numidiae,
664 1980 744 2060 quod
759 1989 894 2042 vostrum
915 1988 968 2053 est,
982 2001 1038 2060 per

62 2117 63 2121 ,
148 2064 244 2125 scelus
258 2073 288 2124 et
301 2063 479 2142 sanguinem
495 2061 629 2122 familiae
642 2071 761 2122 nostrae
774 2059 954 2122 tabescere.”
1055 2129 1058 2132 ,

189 2145 233 2206 15.
256 2144 421 2222 Postquam
439 2164 493 2204 rex
512 2143 604 2203 finem
623 2141 766 2222 loquendi
781 2141 862 2214 fecit,
876 2140 970 2221 legati
982 2140 1037 2203 Ju-

15 2275 16 2278 ,
102 2224 287 2306 2511111111,
310 2225 470 2304 largitione
490 2223 585 2302 magis
606 2244 699 2302 quam
719 2243 810 2284 causa
833 2222 912 2296 freti,
933 2223 1038 2302 paucis

149 2305 347 2386 respondent:
383 2304 591 2385 Hiempsalem
619 2301 658 2364 ob
685 2303 843 2365 saevitiam
876 2324 963 2364 suam
997 2303 1037 2365 ab

149 2387 291 2447 Numidis
324 2386 537 2459 interfectum3
571 2383 779 2445 Adherbalem
807 2383 888 2445 ultro
920 2383 1037 2445 bellum

149 2468 337 2539 inferentem,
352 2475 510 2545 postquam
531 2473 689 2545 superatus
709 2466 755 2539 sit,
777 2465 873 2543 queri,
892 2465 973 2544 quod
993 2465 1037 2525 in·

150 2549 265 2629 juriam
293 2548 391 2608 facere
418 2548 617 2626 nequivisset:
649 2546 692 2607 Ju
715 2545 836 2606 urtham
864 2545 903 2606 ab
930 2553 1036 2606 senatu

102 2631 141 2691 30
150 2638 260 2708 petere,
275 2649 312 2688 ue
326 2648 357 2688 se
371 2626 464 2687 alium
479 2636 632 2706 putarent,
647 2648 683 2688 ac
694 2568 887 2687 {lumentiae
900 2627 1038 2706 cognitus

149 2719 234 2782 esset,
255 2729 313 2769 neu
334 2707 429 2770 verba
452 2707 566 2768 inimici
594 2716 666 2768 ante
692 2707 774 2768 facta
800 2727 855 2768 sua
882 2716 1036 2786 ponerent.

150 2790 269 2851 Deinde
289 2789 352 2849 utri
373 2809 411 2848 ue
432 2789 518 2849 curia
538 2788 744 2868 egrediuntur.
786 2787 914 2849 Senatus
934 2789 1037 2849 statim

150 2870 326 2933 consulitur.
397 2877 517 2930 autores
538 2869 715 2948 legatorum,
734 2877 891 2948 praeterea
916 2877 1038 2930 senatus

151 2973 261 3032 magna
275 2971 353 3030 pars,
369 2950 468 3029 gratia
486 2948 661 3029 depravata,
675 2948 861 3010 Adherbalis
874 2950 958 3010 dicta
971 2971 1039 3011 con-

104 3035 142 3094 35
151 3043 292 3104 temnere,
320 3030 494 3110 Jugurthae
520 3031 667 3091 virtutem
699 3031 845 3091 extollere
879 3028 1037 3092 laudibus:

151 3114 258 3192 gratia,
286 3132 370 3184 voce,
398 3111 526 3191 denique
554 3110 692 3171 omuibus
725 3111 822 3172 modis
852 3131 907 3190 pro
940 3110 1039 3172 alieno

152 3193 263 3254 scelere
286 3200 317 3252 et
341 3191 458 3270 flagitio
478 3210 533 3250 sua
554 3191 640 3270 quasi
660 3211 715 3270 pro
736 3191 833 3269 gloria
853 3191 1037 3253 nitebantur.

152 3271 197 3332 At
218 3280 323 3332 contra
343 3271 443 3350 pauci,
461 3269 569 3348 quibus
590 3270 703 3331 bonum
724 3280 755 3330 et
775 3292 904 3350 aequum
925 3271 1040 3333 divitiis

153 3352 251 3413 carius
265 3361 340 3423 erat,
354 3350 598 3412 subveniundum
612 3349 784 3412 Adherbali
803 3361 834 3414 et
853 3351 1040 3434 Hiempsalis
