2392 3692
398 161 451 210 nn
470 160 589 210 annno
613 160 862 213 Jnooarrrruo.
1056 147 1098 210 39

154 329 187 380 et
199 319 293 379 timor
303 317 496 397 impediebat,
507 317 683 390 Bomilcari,
694 337 844 398 proxumo
858 337 894 377 ac
908 335 1052 375 maxume

155 400 221 460 fido
234 398 303 471 sibi,
314 400 452 476 imperat,
463 400 568 478 pretio,
579 399 669 460 sicuti
683 398 782 458 multa
791 397 970 468 confecerat,
981 395 1051 455 insi-

155 481 292 540 diatores
306 479 457 540 Massivae
471 488 566 558 paret,
581 500 618 540 ac
638 499 781 539 maxume
801 477 937 549 occulte3
957 476 1005 537 sin
1019 475 1051 536 id

179 581 270 620 arum
289 560 441 638 procedat,
455 561 561 638 quovis
581 560 671 620 modo
691 559 859 619 Numidam
878 557 1049 618 interliciat.

155 582 316 701 Bomilcar
326 649 444 701 mature
454 641 532 720 regis
546 641 692 701 mandata
701 640 885 720 exsequitur,
896 647 927 699 et
936 658 991 718 per
1000 637 1051 697 ho
1080 639 1099 696 5
1131 707 1142 718 ι

157 721 257 781 mines
276 719 347 781 talis
367 722 468 800 negoti
489 722 627 794 artifices,
641 721 751 782 itinera
770 739 964 799 egressusque
976 718 1050 797 ejus,

156 811 311 881 postremo
322 800 389 861 loca
399 811 490 879 atque
501 811 638 881 tempora
648 810 806 862 cunctaex
830 801 917 861 lorat
959 799 1051 859 Dein-

156 883 206 954 de,
215 880 519 960 ubirespostulabat,
529 882 654 942 insidias
662 882 769 942 tendit
808 822 1050 960 lgiturunusex

156 984 195 1023 eo
208 982 345 1033 numero,
359 962 412 1040 qui
426 962 465 1022 ad
479 963 603 1022 caedem
616 963 716 1041 parati
729 970 825 1033 erant,
840 961 932 1040 paulo
948 962 1050 1021 incon·

156 1042 270 1104 sultius
291 1042 456 1122 Massivam
477 1043 670 1122 aggreditur;
694 1041 783 1102 illurn
804 1041 976 1114 obtruncat,
997 1041 1098 1101 sele

157 1125 168 1183 i
253 1123 463 1202 deprehensus,
488 1123 591 1183 multis
619 1122 812 1183 hortantibus
835 1132 866 1184 et
889 1123 922 1182 in
945 1121 1051 1201 primis

157 1144 277 1264 dillino
293 1202 422 1275 consule,
437 1202 583 1265 indicium
597 1203 764 1282 profitetur.
806 1203 859 1264 Fit
873 1223 941 1263 reus
954 1202 1051 1280 magis

157 1306 200 1347 ex
214 1305 311 1364 aequo
325 1283 462 1362 bonoque
476 1303 568 1363 quam
586 1304 626 1344 ex
642 1285 712 1364 jure
790 1285 868 1344 tium
886 1281 1050 1354 Bomilcar,

159 1385 259 1427 eomes
279 1366 352 1444 ejus,
374 1365 426 1443 qui
446 1363 576 1425 Romam
597 1365 657 1425 fide
676 1304 801 1445 publica
819 1373 953 1425 venerat.
1005 1362 1051 1422 At

158 1446 183 1508 J
184 1445 329 1525 ugurtha,
343 1445 518 1506 manifestus
536 1446 616 1506 tanti
637 1444 765 1518 sceleris,
779 1466 840 1505 non
854 1445 938 1524 prius
951 1443 1051 1505 omisit
1061 1444 1099 1504 15

159 1535 269 1588 contra
293 1545 399 1587 verum
426 1525 492 1598 niti,
516 1546 608 1621 quam
636 1526 773 1586 animum
800 1525 933 1586 advortit
959 1545 1052 1603 supra

159 1607 293 1686 gratiam
314 1615 405 1684 atque
425 1626 584 1685 pecuniam
608 1626 694 1666 suam
718 1605 866 1667 invidiam
886 1605 961 1666 facti
980 1625 1050 1665 esse.

160 1687 272 1766 Igitur,
287 1705 471 1766 quamquam
485 1687 518 1746 in
531 1687 631 1766 priore
644 1687 763 1747 actione
783 1707 823 1747 ex
843 1685 947 1746 amicis
966 1685 1051 1764 quin-

160 1767 309 1847 quaginta
323 1767 416 1828 vades
434 1767 566 1840 dederat,
581 1787 674 1846 regno
694 1767 790 1846 magis
810 1786 903 1846 quam
923 1765 1051 1827 vadibus

160 1847 319 1909 consulens
340 1846 419 1909 clam
439 1847 472 1906 in
493 1847 671 1908 Numidiam
692 1846 896 1908 Bomilcarem
914 1846 1051 1917 dimittit,
1061 1847 1099 1906 20

160 1929 328 1989 veritusne
342 1927 472 2006 reliquos
486 1927 646 2068 populares
660 1937 758 1989 metus
775 1928 932 1988 invaderet
946 1947 1051 2006 paren-

161 2009 194 2068 di
208 2007 274 2081 sibi,
285 2009 311 2068 si
325 2008 363 2068 de
376 2007 429 2068 illo
442 2028 520 2087 supp
534 2009 626 2070 'cium
638 2018 793 2088 sumptum
804 2008 889 2069 foret.
932 2007 975 2068 Et
990 2008 1052 2087 ipse

184 2089 268 2149 aucis
291 2087 397 2148 diebus
421 2088 525 2148 eodem
547 2089 699 2168 profectus
719 2097 772 2161 est,
785 2090 886 2169 jussus
906 2110 926 2149 a
945 2096 1052 2149 senatu

161 2111 257 2230 ltalia
271 2168 421 2229 decedere.
463 2167 523 2230 Sed
543 2178 704 2249 postquam
725 2170 824 2230 Roma
843 2189 978 2249 egressus
998 2177 1052 2241 est,

162 2250 261 2310 fertur
280 2269 368 2328 saepe
389 2269 423 2310 eo
443 2250 554 2312 tacitus
574 2250 734 2329 respiciens
755 2259 906 2329 postremo
922 2250 1050 2310 dixisse:
1062 2251 1100 2309 25

163 2329 309 2391 “Urbem
323 2329 462 2391 venalem
476 2340 507 2391 et
521 2339 639 2392 mature
653 2331 828 2410 perituram,
842 2331 867 2391 si
888 2339 1053 2409 emptorem

162 2410 340 2472 invenerit.''

205 2491 254 2553 36.
277 2490 404 2551 Interim
419 2491 554 2552 Albinus
574 2501 720 2554 renovato
740 2491 821 2553 bello
843 2501 1052 2563 commeatum,

163 2571 348 2651 stipendium
362 2571 490 2651 aliaque,
501 2593 579 2651 quae
592 2572 742 2635 militibus
755 2573 824 2634 usui
838 2573 945 2644 forent,
957 2581 1053 2632 matu-

163 2661 213 2712 rat
226 2652 258 2711 in
272 2651 411 2713 Africam
425 2661 563 2732 portare3
585 2675 621 2715 ac
639 2655 742 2714 statim
756 2654 820 2732 ipse
833 2653 993 2733 profectus,
1008 2653 1053 2712 uti
1063 2652 1102 2712 30

164 2741 235 2793 ante
249 2732 379 2805 comitia,
394 2734 475 2812 quod
490 2743 609 2814 tempus
627 2735 710 2794 haud
725 2734 813 2812 longe
833 2733 947 2807 aberat,
962 2734 1054 2793 armis

163 2821 218 2873 aut
242 2812 392 2873 deditione
416 2823 469 2874 aut
493 2815 600 2893 quovis
627 2815 716 2876 modo
743 2814 857 2875 bellum
886 2814 1053 2875 conficeret.
1092 2827 1098 2838 “

163 2892 209 2954 At
230 2902 336 2954 eontra
355 2893 513 2973 Jugurtha
533 2894 656 2955 trahere
677 2895 777 2954 omnia
797 2904 827 2954 et
847 2893 931 2967 alias,
946 2895 1054 2954 deinde

163 2973 239 3034 alias
263 2993 365 3034 morae
388 2995 493 3037 causas
516 2974 632 3046 faeere;
657 2974 793 3054 polliceri
814 2975 996 3035 deditionem
1017 2995 1054 3034 ac

164 3054 273 3115 deinde
295 3063 409 3116 metum
437 3054 596 3129 simulare3
625 3055 729 3116 cedere
756 3055 882 3116 instanti
906 3063 937 3115 et
961 3054 1053 3135 paulo
1063 3052 1101 3111 35

163 3143 239 3214 post,
253 3155 291 3195 ne
303 3137 351 3196 sui
365 3135 544 3208 diffiderent,
559 3136 687 3196 instare:
709 3136 754 3195 ita
767 3134 839 3195 belli
853 3136 951 3206 modo,
966 3135 1054 3196 modo

164 3215 246 3297 pacis
267 3236 351 3277 mora
372 3216 524 3277 consulem
545 3215 709 3276 ludificare.
752 3215 801 3276 Ac
817 3217 901 3275 fuere
919 3216 1053 3293 quitum

164 3295 315 3358 Albinum
335 3296 418 3356 haud
440 3297 580 3375 ignarum
602 3294 707 3356 consili
728 3296 806 3372 regis
826 3295 1053 3363 existumarent,

164 3396 263 3455 neque
276 3397 315 3437 ex
329 3385 417 3436 tanta
431 3375 625 3455 properantia
645 3383 709 3432 tam
730 3373 819 3431 facile
839 3379 972 3429 tractum
992 3371 1052 3427 bel·
