2392 3692
90 115 150 177 102
376 131 403 179 c.
422 129 600 180 satanan
621 129 741 179 cnrsrr

136 287 280 348 audaciae
294 288 399 348 inerat.
442 287 488 348 Eo
509 308 676 349 convenere
695 289 838 349 senatorii
858 290 973 351 ordinis
988 291 1024 353 P.

136 367 285 428 Lentulus
306 367 393 441 Sura,
408 367 442 428 P.
459 368 637 441 Autronius,
658 368 695 429 L.
716 367 837 429 Cassius
857 368 1025 451 Longinus

136 447 169 508 C.
185 447 343 527 Cethegus
358 449 393 509 P.
408 458 437 509 et
451 448 573 509 Servius
587 448 699 522 Sullae,
713 448 801 510 Servi
815 449 879 523 filii,
894 452 931 512 L.
946 452 1026 514 Var-

135 529 285 607 gunteius,
296 529 334 605 Q.
347 528 477 601 Annius,
492 528 536 588 M.
551 528 676 589 Porcius
690 529 800 602 Laeca,
812 530 848 592 L.
860 530 972 606 Bestia,
984 534 1024 610 Q.

108 608 263 681 bCurius;
278 618 434 688 praeterea
448 629 486 669 ex
501 610 632 688 equestri
645 609 750 669 ordine
764 610 808 671 M.
824 610 953 673 Fulvius
963 613 1025 674 No

136 689 233 763 bilior,
249 690 284 750 L.
300 688 446 762 Statilius,
461 688 495 749 P.
512 688 661 749 Gabinius
675 687 794 768 Capito,
805 691 838 752 C.
850 691 1023 767 Comelius;

135 770 175 829 ad
189 770 246 831 hoc
260 769 349 829 multi
363 791 402 829 ex
417 769 540 831 coloniis
560 778 590 830 et
612 770 790 851 municipiis,
804 772 886 833 domi
895 773 1023 835 nobiles.

136 850 234 910 Erant
258 859 414 930 praeterea
437 850 607 929 complures
631 851 723 931 paulo
744 852 891 913 occultius
919 856 1024 915 consili

135 930 260 1009 hujusce
279 932 442 1012 participes
462 930 587 1005 nobiles,
602 952 676 1010 quos
695 933 791 1011 magis
811 934 1024 995 dominationis

89 1013 200 1090 lllspes
224 1011 403 1072 hortabatur
424 1032 516 1090 quam
540 1012 643 1091 inopia
665 1022 720 1074 aut
743 1013 805 1074 alia
828 1016 1023 1076 necessitudo.

135 1092 276 1151 Ceterum
292 1093 439 1172 juventus
459 1092 613 1172 pleraque,
631 1094 683 1153 sed
703 1112 846 1155 maxume
866 1094 1024 1170 nobilium,

135 1172 285 1232 Catilinae
302 1173 428 1251 inceptis
447 1172 587 1246 favebat3
609 1174 720 1253 quibus
739 1175 771 1233 in
791 1175 852 1235 otio
871 1175 923 1236 vel
943 1197 1025 1255 mag-

134 1252 222 1313 nifice
232 1252 282 1314 vel
293 1253 425 1314 molliter
435 1255 538 1317 vivere
549 1254 635 1333 copia
645 1264 719 1327 erat,
730 1255 845 1315 incerta
859 1275 914 1334 pro
925 1258 1024 1330 certis,

134 1333 249 1393 bellum
263 1354 355 1414 quam
369 1355 474 1413 pacem
488 1334 651 1395 malebant.
694 1335 793 1396 Fuere
814 1336 886 1396 item
901 1356 938 1396 ea
951 1346 1024 1397 tem-

87 1416 252 1493 15pcstate
273 1416 326 1494 qui
351 1416 514 1489 crederent,
539 1416 583 1477 M.
612 1416 766 1476 Licinium
793 1415 945 1477 Crassum·
963 1438 1024 1478 non

134 1494 275 1574 ignarum
296 1496 360 1575 ejus
381 1497 485 1557 consili
505 1496 614 1569 fuisse;
634 1496 707 1576 quia
727 1494 782 1556 Cn.
804 1495 967 1575 Pompeius
981 1499 1024 1558 in-

133 1577 215 1638 visus
242 1576 299 1655 ipsi
330 1597 474 1655 magnum
508 1577 675 1637 exercitum
709 1576 864 1651 ductabat,
891 1579 1024 1657 cujusvis

133 1678 204 1737 opes
217 1657 348 1718 voluisse
368 1667 473 1718 contra
493 1657 576 1719 illius
596 1658 763 1737 potentiam
777 1677 917 1731 crescere,
932 1660 1023 1720 simul

134 1738 289 1811 confisum,
312 1739 337 1798 si
362 1739 529 1817 conjuratio
552 1738 705 1811 valuisset,
729 1738 819 1799 facile
845 1739 929 1819 apud
956 1740 1023 1801 illos

87 1820 125 1879 20
134 1819 301 1899 principem
314 1839 345 1879 se
359 1819 430 1879 fore.

175 1902 219 1962 18.
242 1899 301 1960 Sed
315 1908 405 1959 antea
418 1900 491 1961 item
506 1901 703 1979 conjuravere
723 1900 813 1979 pauci
834 1908 941 1962 contra
958 1922 1022 1962 rem

133 1980 298 2060 publicam,
322 1980 355 2039 in
378 1980 488 2059 quibus
513 1980 647 2041 Catilina
670 1980 747 2053 fuit3
775 1980 813 2041 de
837 2002 906 2060 qua,
931 2002 1021 2061 quam

133 2062 297 2123 verissume
324 2069 436 2139 potero,
460 2062 568 2121 dicam.
611 2062 647 2121 L.
669 2060 759 2121 Tullo
780 2070 810 2122 et
830 2062 884 2123 Μ’.
906 2062 1022 2142 Lepido

134 2140 315 2214 consulibus,
330 2141 364 2201 P.
380 2140 549 2202 Autronius
569 2151 599 2202 et
621 2141 655 2202 P.
677 2141 764 2202 Sulla
784 2143 934 2222 designati
955 2165 1021 2205 con·

86 2223 221 2294 25sules,
242 2221 359 2300 legibus
380 2221 512 2282 ambitus
532 2222 709 2301 interrogati
733 2243 843 2301 poenas
867 2224 1019 2284 dederant.

133 2303 205 2364 Post
219 2302 312 2381 paulo
326 2301 469 2376 Catilina,
483 2304 680 2382 pecuniarum
694 2303 931 2381 repetundarum
945 2326 1020 2376 reus,

133 2382 302 2464 prohibitus
323 2391 388 2443 erat
409 2382 599 2444 consulatum
620 2392 729 2463 petere,
748 2384 830 2463 quod
850 2384 932 2445 intra
951 2386 1021 2465 legi-

133 2475 232 2526 tumos
256 2464 318 2524 dies
342 2464 477 2543 profiteri
501 2465 680 2544 nequiverit.
723 2463 800 2524 Erat
821 2465 926 2526 eodem
949 2475 1020 2527 tem-

133 2566 205 2625 pore
222 2544 277 2605 Cn.
296 2544 375 2617 Pisa,
389 2545 563 2605 adulescens
584 2544 693 2605 nobilis
712 2566 848 2605 summae
868 2547 1020 2619 audaciae,

86 2627 233 2705 30egens,
248 2625 397 2698 factiosus,
413 2646 503 2704 quem
521 2626 561 2685 ad
579 2625 818 2705 perturbandam
839 2646 903 2686 rem
923 2627 1020 2705 publi-

133 2728 200 2768 cam
227 2706 329 2784 inopia
356 2714 447 2785 atque
475 2706 548 2765 mali
575 2726 672 2767 mores
694 2705 902 2769 stimulabant.
944 2707 1020 2768 Cum

133 2789 190 2849 hoc
218 2786 352 2847 Catilina
379 2796 409 2847 et
433 2786 603 2847 Autronius
629 2787 748 2848 circiter
775 2807 869 2848 nonas
897 2787 1020 2849 Decem-

133 2869 194 2929 bris
222 2866 346 2928 consilio
378 2869 608 2941 communicato,
635 2868 785 2947 parabant
811 2868 844 2927 in
871 2867 1020 2948 Capitolio

132 2948 272 3009 kalendis
299 2947 455 3009 Januariis
483 2949 518 3008 L.
547 2948 670 3009 Cottam
703 2957 734 3009 et
768 2948 804 3008 L.
833 2948 1020 3028 Torquatum

85 3031 123 3089 35
133 3030 267 3091 consules
289 3028 464 3101 interficere,
485 3029 543 3108 ipsi
563 3028 694 3090 fascibus
717 3030 862 3109 correptis
882 3029 1020 3090 Pisonem

133 3132 200 3171 cum
222 3109 358 3169 exercitu
373 3110 413 3168 ad
426 3109 605 3169 obtinendas
618 3109 694 3169 duas
707 3110 873 3189 Hispanias
893 3112 1019 3172 mittere.

134 3190 182 3249 Ea
195 3211 227 3249 re
242 3189 372 3266 cognita,
386 3209 489 3248 rursus
503 3189 535 3247 in
549 3209 643 3248 nonas
660 3189 843 3250 Februarias
863 3192 1021 3251 consilium

134 3269 232 3328 caedis
266 3269 493 3327 transtulerant.
548 3267 621 3329 Jam
655 3276 721 3328 tum
755 3289 816 3329 nou
850 3272 1022 3331 oonsulibus

131 3348 228 3419 modo,
242 3348 294 3407 sed
308 3346 459 3427 plerisque
479 3347 665 3408 senatoribus
685 3348 848 3427 perniciem
868 3350 1020 3411 machina
