2392 3692
108 112 152 176 56
400 127 425 176 o.
446 127 623 177 sacrorn
645 126 764 176 oursrr

157 286 214 347 diis
239 294 293 347 aut
316 307 370 348 suo
394 286 459 348 loco
482 307 617 366 pugnam
637 286 745 359 faeere,
767 294 796 346 et
817 287 881 365 jam
902 295 1044 347 aestatem

157 376 297 429 exactam
325 388 395 438 esse,
418 367 457 428 ab
485 367 577 427 Zama
598 366 724 428 discedit
745 367 827 427 etin
848 367 890 427 eis
909 367 1044 439 urbibus,

58 475 60 482 ·
157 469 235 526 quae
249 449 288 508 ad
302 469 333 509 se
347 448 519 509 defecerant
529 448 661 526 satisque
672 447 807 508 munitae
821 447 886 508 loco
900 456 954 507 aut
968 468 1044 508 moe

157 528 246 589 uibus
267 538 362 602 erant,
383 529 534 608 praesidia
554 528 700 607 imponit;
725 537 858 588 ceterum
878 528 1043 589 exercitum

130 610 189 669 cin
213 611 410 688 provinciam,
435 629 512 688 quae
539 628 690 688 proxuma
716 618 761 668 est
788 606 961 679 Numidiae,
986 609 1046 669 hie-

157 691 260 750 mandi
274 691 373 768 gratia
387 689 522 751 collocat.
565 689 672 768 Neque
685 689 717 748 id
730 697 849 768 tempus
863 709 901 748 ex
915 688 1044 749 aliorum

156 791 240 830 more
287 771 360 831 uicti
388 779 442 831 aut
469 770 612 830 luxuriae
644 769 789 842 concedit,
816 769 869 829 sed
903 770 1045 849 quoniam

157 851 249 911 armis
267 792 390 911 (laellum
417 872 526 930 parum
554 850 744 930 procedebat,
765 850 887 910 insidias
908 850 972 929 regi
992 871 1045 930 per

157 932 268 992 amicos
295 932 417 992 tendere
444 940 474 992 et
501 952 605 992 eorum
639 931 767 1010 perfidia
793 951 849 1009 pro
882 930 973 991 armis
1000 931 1045 990 uti

111 1013 254 1091 lOparat.
296 1012 396 1092 Igitur
411 1011 622 1084 Bomilcarem,
637 1013 689 1090 qui
710 1011 826 1072 Romae
846 1032 915 1073 cum
932 1011 1045 1090 Jugur-

156 1093 212 1152 tha
236 1092 334 1153 fuerat
355 1102 385 1153 et
406 1093 475 1152 inde
496 1092 626 1153 vadibus
646 1093 724 1153 datis
746 1091 783 1152 de
803 1092 953 1153 Massivae
972 1112 1045 1153 nece
1099 1098 1103 1101 ’

159 1173 310 1251 judicium
330 1173 458 1251 fugerat,
473 1174 553 1252 quod
568 1173 595 1233 ei
610 1194 664 1252 per
682 1193 857 1233 maxumam
880 1172 1044 1233 amicitiam

157 1273 302 1313 maxuma
315 1253 402 1332 copia
415 1253 542 1314 fallendi
561 1263 635 1327 erat,
650 1253 755 1314 multis
775 1253 1044 1333 pollicitationibus

157 1334 339 1411 aggreditur.
381 1334 430 1395 Ac
450 1335 547 1412 primo
567 1335 659 1396 efficit
679 1335 725 1395 uti
745 1334 784 1395 ad
804 1354 836 1395 se
856 1333 1045 1412 colloquendi

111 1414 257 1492 15gratia
277 1414 413 1475 occultus
433 1415 554 1487 veniat;
575 1415 683 1476 deinde
704 1415 763 1476 fide
783 1416 865 1487 data,
885 1415 911 1475 si
931 1413 1045 1494 Jugur·

156 1495 242 1555 tham
263 1495 368 1556 vivum
396 1503 449 1556 aut
476 1505 618 1557 necatum
645 1495 703 1556 sibi
729 1495 909 1567 tradidisset,
926 1495 989 1555 fore
1010 1503 1044 1554 ut

156 1575 202 1634 illi
226 1584 347 1635 senatus
372 1576 584 1655 impunitatem
605 1586 635 1636 et
655 1597 710 1636 sua
735 1575 837 1636 omnia
861 1576 1043 1648 concederet,

158 1655 248 1716 facile
269 1655 421 1716 Numidae
441 1657 611 1735 persuadet,
626 1677 695 1716 cum
719 1657 839 1735 ingenio
863 1655 956 1717 infido
978 1665 1042 1716 tum

156 1736 303 1797 metuenti
323 1757 370 1810 ne,
390 1736 415 1796 si
439 1757 502 1816 pax
527 1757 596 1798 cum
622 1737 767 1797 Romanis
790 1737 883 1810 fieret,
905 1737 967 1816 ipse
991 1757 1044 1816 per

109 1818 148 1878 20
158 1817 347 1879 condiciones
361 1817 401 1876 ad
414 1817 598 1896 supplicium
613 1818 792 1878 traderetur.

199 1899 249 1959 62.
271 1898 311 1971 Is,
326 1897 379 1958 ubi
401 1898 531 1977 primurn
554 1908 758 1978 opportunum
775 1898 843 1971 fuit,
857 1897 1043 1976 Jugurtham

156 1979 281 2038 anxium
297 1999 333 2038 ac
347 1979 536 2040 miserantem
557 1979 695 2040 fortunas
707 1999 777 2040 suas
790 1979 922 2051 accedit;
943 1988 1044 2040 monet

156 2067 247 2137 atque
264 2059 434 2120 lacrumans
455 2059 632 2134 obtestatur,
646 2060 693 2121 uti
713 2060 877 2139 aliquando
896 2059 954 2120 sibi
974 2059 1044 2120 libe

157 2139 256 2217 risque
277 2148 307 2198 et
328 2140 411 2218 genti
432 2139 638 2201 Numidarum
659 2149 781 2220 optume
802 2140 927 2201 meritae
947 2140 1043 2220 provi-

109 2219 147 2280 25
157 2220 244 2292 deat;
265 2218 404 2281 omnibus
425 2221 546 2301 proeliis
565 2243 628 2283 sese
641 2223 746 2295 victos,
760 2241 868 2300 agrum
881 2229 1042 2292 vastatum,

156 2299 266 2360 multos
297 2301 438 2362 mortales
473 2311 583 2381 captos,
612 2303 730 2375 occisos,
758 2302 844 2380 regni
871 2322 940 2380 opes
967 2322 1043 2362 oom-

156 2381 288 2440 minutas
309 2401 386 2453 esse;
414 2383 486 2444 satis
506 2403 594 2462 saepe
611 2384 677 2463 jam
697 2391 727 2444 et
747 2383 891 2444 virtutem
912 2381 1041 2442 militum

157 2470 187 2521 et
207 2461 360 2521 fortunam
382 2469 578 2542 temptatam:
609 2473 724 2536 caveat,
746 2484 784 2524 ne
806 2462 860 2523 illo
882 2472 1042 2524 cunctante

157 2541 310 2602 Numidae
337 2541 394 2601 sibi
421 2544 589 2604 consulant.
632 2544 692 2605 His
719 2553 810 2623 atque
836 2543 949 2604 talibus
976 2543 1043 2603 aliis

110 2621 147 2681 30
157 2622 196 2681 ad
221 2622 403 2682 deditionem
431 2625 509 2703 regis
537 2626 672 2684 animum
697 2625 834 2704 impellit.
876 2624 1042 2684 Mittuntur

157 2703 196 2762 ad
224 2702 434 2780 imperatorem
462 2703 563 2782 legati,
592 2706 644 2784 qui
678 2705 700 2767 J
703 2706 865 2785 ugurtham
896 2705 1040 2784 imperata

157 2783 311 2842 facturum
325 2783 458 2844 dicerent
472 2804 508 2845 ac
522 2785 585 2845 sine
600 2785 665 2845 ulla
679 2787 817 2866 pactione
830 2806 892 2846 sese
906 2806 1040 2864 regnum·

157 2883 215 2940 que
235 2863 369 2922 suumin
384 2864 465 2924 illius
479 2864 569 2925 fidem
584 2866 711 2926 tradere.
754 2866 898 2927 Metellus
914 2885 1042 3006 Ιρζοῖἓῖε

158 2952 281 3003 cunctos
301 2944 443 3003 senatorii
464 2946 576 3006 ordinis
597 2968 637 3007 ex
658 2947 791 3008 hibernis
812 2966 923 3008 accersl
938 2968 974 3026 Ju
1013 2955 1043 3017 t;

111 3023 259 3082 35eorum
281 3032 311 3083 et
331 3023 469 3097 aliorum,
491 3047 565 3104 quos
586 3027 706 3088 idoneos
726 3026 865 3099 ducebat,
887 3027 1043 3087 consilium

157 3103 257 3163 habet.
299 3102 349 3162 Ita
373 3125 455 3164 more
478 3108 627 3184 majorum
651 3129 690 3167 ex
715 3108 818 3168 consili
846 3108 965 3168 decreto
992 3128 1045 3186 per

157 3181 270 3258 legatos
295 3181 467 3260 ‹Iugurthae
492 3185 621 3262 imperat
645 3189 761 3265 argenti
789 3188 888 3266 pondo
914 3187 1045 3248 ducenta

161 3261 253 3331 milia,
275 3262 450 3339 elephantos
471 3284 581 3336 omnes,
602 3286 748 3342 equorum
768 3275 798 3326 et
818 3287 972 3327 armorum
992 3267 1045 3327 ali-

159 3350 315 3417 quantum.
358 3341 446 3417 Quae
472 3352 632 3421 postquam
658 3346 721 3405 sine
748 3366 832 3406 mora
859 3347 939 3407 facta
966 3357 1044 3412 suut.
