2392 3692
96 123 138 186 42
385 137 412 186 o.
431 136 524 186 srnn
530 135 613 188 17er
634 115 753 188 carsrr‘

184 296 236 358 40.
256 295 383 357 Interim
398 295 514 356 Romae
528 293 561 355 O.
576 295 733 356 Mamilius
747 295 925 357 Limetanus
938 297 1034 358 tribu-

144 398 201 438 nus
225 376 321 456 plebis
344 376 530 455 rogationem
554 376 594 435 ad
616 375 762 455 populum
784 376 967 457 promulgat,
989 380 1034 438 uti

145 466 340 538 quaereretur
354 457 386 516 in
401 477 458 530 eos,
473 477 602 536 quorum
623 456 745 518 consilio
759 456 781 517 J
783 457 918 536 ugurtha
937 461 1034 520 senati

144 540 266 600 decreta
284 537 471 617 neglegissot,
485 538 597 616 quique
611 537 650 598 ab
664 559 699 598 eo
712 538 744 598 in
759 537 959 617 legationibus
980 549 1034 600 aut

117 619 276 699 bimperiis
297 619 439 698 pecunias
460 618 652 697 accepissent,
667 619 719 698 qui
732 618 908 698 elephantos
922 620 1033 698 quique

144 700 286 780 perfugas
295 699 497 772 tradidissent,
508 700 581 759 item
596 700 649 778 qui
662 699 701 760 dc
714 720 788 778 pace
801 708 855 760 aut
868 699 950 760 bello
963 721 1033 760 eum

77 797 79 802 '
144 780 280 841 hostibus
319 780 451 841 actiones
469 780 616 840 fecissent.
657 780 743 840 Huic
756 781 906 860 rogationi
919 781 1033 860 partim

145 861 255 923 conscii
275 801 342 933 sibi,
356 858 410 921 alii
430 882 470 920 ex
490 861 625 939 partium
646 861 762 921 invidia
782 860 918 940 pericula
938 871 1033 922 metu-

145 951 235 1015 entes,
257 941 399 1020 quoniam
420 950 523 1021 aperte
544 941 680 1002 resistere
704 962 765 1002 non
786 950 936 1021 poterant,
957 942 1033 1021 quin

99 1021 200 1083 lbilla
218 1031 248 1082 et
266 1021 327 1081 alia
345 1020 421 1082 talia
439 1022 558 1101 placere
578 1021 636 1082 sibi
656 1021 832 1094 faterentur,
847 1021 965 1082 occulte
978 1043 1033 1101 per

145 1103 256 1163 amicos
275 1123 311 1162 ao
332 1122 476 1162 maxume
496 1123 550 1182 per
571 1102 704 1162 homines
724 1103 853 1162 nominis
876 1102 983 1163 Latini
1002 1113 1033 1164 et

144 1184 236 1244 socios
258 1182 382 1243 Italicos
406 1183 622 1262 impedimenta
645 1182 803 1262 parabant.
845 1182 906 1244 Sed
930 1183 1033 1263 plebes

145 1262 322 1325 incredibile
342 1272 509 1324 memoratu
524 1273 568 1324 est
582 1283 675 1341 quam
689 1264 807 1324 intenta
823 1263 924 1336 fuerit,
939 1284 1032 1343 quan-

144 1354 235 1422 taque
249 1344 281 1406 vi
301 1345 487 1422 rogationem
504 1345 643 1424 jusserit;
664 1344 760 1423 magis
773 1343 842 1404 odio
855 1343 1032 1418 nobilitatis,

98 1425 195 1487 locui
214 1424 296 1484 mala
316 1423 370 1484 illa
390 1424 586 1504 parabantur,
602 1444 693 1504 quam
714 1445 789 1484 cura
809 1424 853 1485 rei
873 1423 1031 1503 publicae:

144 1514 231 1566 tanta
250 1505 355 1566 lubido
376 1505 408 1564 in
428 1504 565 1585 partibus
585 1515 659 1565 erat.
701 1505 802 1584 Igitur
824 1506 929 1566 ceteris
948 1516 1032 1566 metu

144 1585 289 1667 perculsis
309 1587 353 1646 M.
375 1586 515 1658 Scaurus,
534 1606 624 1665 quem
646 1586 780 1665 legatum
801 1584 921 1646 Bestiae
942 1585 1033 1646 fuisse

144 1687 236 1747 supra
263 1667 427 1739 docuimus,
450 1667 529 1727 inter
556 1666 703 1727 laetitiam
732 1666 828 1745 plebis
851 1675 882 1726 et
907 1687 1032 1726 suorum

144 1750 257 1828 fugam,
271 1747 390 1827 trepida
410 1748 502 1808 etiam
523 1756 589 1807 tum
610 1747 743 1819 civitate,
758 1767 828 1808 cum
842 1767 880 1806 ex
892 1746 1034 1807 Mamilia

98 1829 136 1889 20
145 1830 298 1910 rogatione
319 1838 379 1889 tres
400 1829 580 1907 quaesitores
608 1837 796 1907 rogarentur,
817 1827 964 1900 effecerat,
986 1828 1033 1888 uti

144 1911 252 1990 ipsein
266 1931 300 1970 eo
314 1929 439 1969 numero
460 1918 622 1969 crearetur.
663 1908 722 1969 Sed
744 1908 878 1988 quaestio
898 1909 1033 1968 exercita

145 2011 248 2070 aspere
272 1990 477 2069 violenterque
505 2009 544 2049 ex
572 2009 692 2050 rumore
716 1997 746 2050 et
770 1987 906 2049 lubidine
926 1988 1031 2067 plebis.

144 2071 190 2132 Ut
210 2091 298 2149 saepe
318 2069 516 2143 nobilitatem,
537 2070 579 2130 sic
600 2091 636 2130 ea
656 2078 835 2149 tempestate
854 2068 972 2148 plebem
992 2089 1033 2129 ex

144 2151 280 2212 secundis
294 2150 383 2211 rebus
397 2150 556 2211 insolentia
570 2159 697 2229 ceperat.

98 2233 135 2291 25
183 2234 228 2293 41.
250 2230 391 2292 Ceterum
412 2252 475 2292 mos
496 2231 630 2310 partium
651 2230 844 2310 popularium
862 2237 892 2290 et
911 2238 1033 2290 senatus

144 2313 310 2373 factionum
324 2333 360 2373 ac
374 2312 481 2372 deinde
492 2312 627 2372 omnium
638 2312 787 2372 malarum
802 2311 915 2372 artium
928 2311 1043 2390 paucis

145 2401 215 2453 ante
236 2393 323 2452 annis
344 2393 459 2453 Romae
480 2400 563 2453 ortus
584 2402 629 2452 est
650 2392 710 2453 otio
731 2400 822 2470 atque
842 2391 1033 2452 abundantia

145 2471 454 2553 earumrerum,quae
463 2472 839 2552 primamortalesducunt.
868 2470 951 2532 Nam
961 2481 1033 2532 ante

145 2553 362 2632 Carthaginem
383 2554 513 2614 deletam
534 2553 664 2632 populus
685 2563 715 2613 et
735 2563 855 2612 senatus
877 2552 1033 2614 Romanus

98 2633 136 2694 30
167 2634 264 2695 lacide
290 2634 481 2713 modesteque
504 2635 584 2694 inter
605 2655 636 2694 se
657 2655 720 2694 rem
741 2632 895 2712 publicam
921 2642 1033 2695 tracta-

145 2657 229 2788 bant,
254 2734 351 2793 neque
378 2714 491 2793 gloriae
518 2734 615 2792 neque
642 2714 853 2774 dominationis
880 2724 1032 2775 certamen

60 2816 64 2825 ·
145 2796 224 2856 inter
238 2795 317 2855 cives
331 2804 413 2855 erat:
435 2804 531 2855 metus
546 2794 662 2855 hostilis
675 2795 707 2854 in
722 2794 807 2854 bonis
827 2794 944 2854 artibus
961 2795 1033 2855 civi-

144 2885 239 2937 tatem
260 2874 417 2935 retinebat.
459 2875 518 2935 Sed
532 2875 586 2936 ubi
600 2875 654 2934 illa
668 2875 796 2935 formido
813 2874 963 2935 mentibus
984 2876 1033 2935 de

145 2958 241 3029 cessit,
255 2955 369 3016 scilicet
387 2976 431 3029 ea,
446 2976 523 3034 quae
543 2976 589 3015 res
610 2957 759 3016 secundae
780 2964 892 3028 amant,
907 2955 1033 3016 lascivia

98 3037 135 3096 35
145 3048 236 3116 atquc
269 3035 410 3114 superbia
443 3036 594 3097 incessere.
651 3036 700 3095 Ita
731 3037 810 3114 quod
838 3037 870 3096 in
898 3037 1034 3098 advorsis

147 3117 236 3178 rebus
250 3125 430 3195 optaverant
444 3117 548 3189 otium,
563 3124 722 3194 postquam
741 3117 843 3195 adepti
856 3125 936 3190 sunt,
951 3136 1033 3195 aspe-

146 3199 207 3257 rius
234 3195 430 3275 acerbiusque
458 3197 525 3255 fuit.
572 3195 713 3274 Namque
741 3217 864 3274 coepere
890 3197 1033 3257 nobilitas

145 3278 334 3355 dignitatem,
348 3274 478 3354 populus
492 3275 663 3335 libertatem
678 3277 710 3335 in
724 3276 891 3336 lubidinem
905 3287 1032 3349 vortere,

145 3356 203 3416 sibi
223 3356 348 3435 quisque
368 3356 486 3428 ducere,
508 3355 636 3426 trahere,
653 3375 766 3434 rapere.
809 3356 859 3416 Ita
879 3358 980 3418 omnia
999 3358 1032 3417 in

1158 362 1168 633 l
