2392 3692
102 144 146 208 90
391 161 416 211 c.
436 159 615 211 sannusrr
636 158 756 209 caram

150 317 409 396 responderentur.
465 318 639 397 Postquam,
672 317 760 378 sicuti
794 317 943 391 voluerat,
972 341 1040 381 eon·

149 398 249 477 gressi,
264 398 339 458 dicit
358 418 390 457 se
410 398 532 458 missum
554 419 572 457 a
593 397 714 458 consule
731 398 848 458 venisse
868 399 1039 477 quaesitum

149 478 189 538 ab
203 499 246 550 ec,
261 498 366 558 pacem
380 498 421 538 an
435 477 549 538 bellum
564 478 734 556 agitaturus
753 478 839 537 foret.
880 477 961 539 Tum
973 502 1038 554 rex,

149 559 195 618 uti
216 568 409 637 praeseptum
430 558 538 630 fuerat,
560 567 626 636 post
650 557 729 617 diem
754 558 915 618 decumum
940 562 1039 622 redire

122 641 140 698 5
150 639 249 718 jubet,
273 659 308 700 ac
332 637 410 697 nihil
434 639 526 698 etiam
550 647 617 698 tum
641 638 815 711 decrevisse,
835 639 888 698 sed
911 639 966 700 illo
990 641 1039 702 die

151 739 371 798 responsurum.
414 719 533 779 Deinde
554 717 643 778 ambo
664 717 696 777 in
715 738 770 778 sua
790 727 890 780 castra
914 720 1039 800 digressi

149 809 227 860 sunt.
269 799 328 859 Sed
350 799 402 859 ubi
424 799 602 879 plerumque
621 798 718 859 noctis
738 800 888 879 processit,
908 799 997 862 Sulla
1019 823 1039 863 a

150 880 271 940 Boccho
298 880 415 941 occulte
442 880 613 940 accersitur.
668 878 721 940 Ab
748 890 877 959 utroque
906 889 1039 942 tantum·

149 961 237 1021 modo
261 961 314 1020 fidi
338 961 516 1040 interpretes
541 960 733 1032 adhibentur,
754 970 911 1039 praeterea
930 961 1039 1023 Dabar

103 1042 360 1113 lOinternuntius,
381 1051 503 1102 sanctus
525 1041 571 1101 vir
595 1051 625 1101 et
649 1061 688 1101 ex
710 1042 859 1102 sententia
882 1041 1038 1105 ambobus

149 1122 197 1183 Ac
211 1123 313 1183 statim
327 1122 370 1182 sic
384 1141 440 1182 rex
453 1121 575 1201 incipit:

190 1204 254 1266 110.
277 1201 480 1280 “Numquam
495 1223 550 1282 ego
565 1210 649 1262 ratus
662 1222 728 1261 sum
742 1201 814 1274 fore,
826 1202 871 1261 uti
885 1223 941 1263 rex
955 1225 1041 1264 max-

149 1304 237 1343 umus
262 1284 293 1343 in
317 1283 376 1343 hac
400 1292 483 1343 terra
504 1292 534 1343 et
558 1283 703 1355 omniurn,
723 1302 797 1360 quos
817 1283 897 1355 novi,
918 1285 1041 1362 privato

150 1362 262 1423 homini
277 1363 408 1441 gratiam
419 1363 567 1424 deberem.
611 1363 656 1423 At
666 1362 845 1435 mehercule,
856 1362 954 1437 Sulla,
968 1376 1041 1426 ante

103 1444 179 1503 l5te
204 1443 367 1523 cognitum,
397 1444 499 1504 multis
526 1442 691 1514 orantibus,
720 1443 786 1503 aliis
813 1444 895 1504 ultro
921 1456 1042 1524 egomet

150 1543 237 1602 opem
264 1524 331 1596 tuli,
356 1525 470 1584 nullius
497 1525 622 1603 indigui.
665 1523 702 1583 Id
730 1524 933 1598 imminutum,
958 1527 1042 1604 quod

149 1604 241 1664 ceteri
262 1605 362 1665 dolere
382 1605 489 1677 solent,
506 1625 561 1684 ego
582 1605 694 1665 laetor:
716 1604 808 1664 fuerit
828 1605 904 1664 mihi
924 1607 1042 1685 eguisse

150 1684 314 1763 aliquando
335 1693 405 1745 tuae
426 1685 585 1758 amicitiae,
600 1705 661 1764 qua
682 1684 764 1763 apud
784 1685 920 1744 animum
939 1708 1042 1747 meum

149 1765 226 1824 nihil
250 1765 349 1826 carius
373 1765 478 1826 habeo.
521 1766 558 1826 Id
579 1765 654 1826 adeo
675 1766 807 1844 experiri
828 1764 916 1826 licet:
944 1788 1041 1841 arma,

102 1848 141 1908 20
149 1846 240 1920 viros,
267 1846 436 1926 pecuniam,
464 1855 614 1924 postremo
641 1845 789 1925 quidquid
817 1846 917 1906 animo
945 1848 1041 1921 lubet,

149 1947 242 2000 sume,
264 1937 357 1999 utere,
379 1936 409 1988 et
433 1927 532 2006 quoad
557 1927 651 1999 vives,
671 1946 838 2004 numquam
861 1926 919 1986 tibi
943 1929 1042 1990 reddi·

149 2017 214 2068 tam
238 2009 369 2086 gratiam
393 2009 566 2085 putaveris;
593 2027 710 2086 semper
737 2007 820 2086 apud
846 2027 895 2068 me
922 2008 1042 2088 integra

149 2088 226 2160 erit3
247 2088 378 2166 denique
399 2087 477 2148 nihil
498 2109 545 2149 me
565 2088 677 2149 sciente
691 2086 804 2147 frustra
817 2086 906 2148 voles.
949 2088 1041 2164 Nam,

150 2178 185 2229 ut
212 2189 267 2247 ego
294 2177 437 2241 aestumo,
466 2189 567 2248 regem
595 2169 687 2227 armis
714 2187 805 2245 quarn
832 2169 1042 2231 munificentia

102 2251 140 2309 25
151 2249 233 2310 vinci
252 2249 350 2309 minus
372 2249 555 2327 flagitiosum
569 2257 622 2308 est.
664 2248 805 2307 Ceterum
819 2247 857 2308 de
870 2250 1042 2329 republica

150 2337 262 2402 vostra,
284 2330 370 2408 cujus
391 2338 514 2389 curator
534 2329 594 2390 huc
616 2329 720 2388 missus
741 2349 781 2400 es,
802 2330 907 2407 paucis
927 2332 1040 2410 accipe.

151 2410 273 2471 Bellum
287 2431 342 2489 ego
356 2409 468 2488 populo
483 2409 621 2470 Romano
632 2429 729 2488 neque
742 2409 799 2469 feci
813 2429 912 2487 neque
924 2411 1041 2472 factum

149 2510 294 2568 umquam
322 2490 422 2552 volui:
452 2499 483 2550 at
511 2491 585 2550 fines
613 2510 692 2550 meos
719 2489 881 2549 advorsum
908 2501 1041 2553 armatos

151 2572 243 2632 armis
269 2568 386 2631 tutatus
413 2591 488 2630 sum.
532 2571 569 2630 Id
598 2570 713 2642 omitto,
734 2570 856 2648 quando
884 2570 970 2632 vobis
997 2573 1041 2633 ita

102 2652 267 2730 30placet:
295 2652 398 2730 gerite,
420 2652 500 2729 quod
523 2651 620 2723 voltis,
642 2671 711 2711 curn
733 2649 890 2730 Jugurtha
916 2650 1038 2714 bellum.

150 2733 218 2812 Ego
238 2731 353 2791 flumen
374 2731 563 2803 Mulucham,
578 2732 658 2809 quod
679 2731 758 2790 inter
774 2751 822 2790 me
836 2740 865 2791 et
880 2731 1039 2812 Micipsam

150 2813 217 2885 fuit,
229 2832 289 2871 non
301 2812 447 2892 egrediar,
460 2833 557 2890 neque
568 2813 599 2871 id
611 2813 724 2871 intrare
736 2811 758 2873 J
759 2812 922 2890 ugurtham
933 2814 1043 2874 sinam»

150 2893 311 2952 Praeterea
332 2893 356 2951 si
378 2893 451 2970 quid
469 2913 575 2970 meque
590 2891 734 2970 vobisque
749 2893 875 2971 dignum
888 2894 1038 2972 petiveris,

150 2973 232 3033 haud
247 2972 385 3050 repulsus
399 2971 524 3032 abibis.''

101 3056 140 3115 35
189 3055 247 3115 111.
269 3053 321 3113 Ad
346 3075 382 3114 ea
406 3053 493 3113 Sulla
516 3073 571 3130 pro
598 3073 629 3113 se
653 3052 786 3113 breviter
806 3062 836 3113 et
857 3053 981 3127 modice,
1001 3055 1038 3114 de

170 3155 223 3194 ace
253 3143 284 3193 et
318 3135 356 3192 de
385 3133 594 3193 communibus
629 3132 718 3192 rebus
752 3133 856 3192 multis
890 3134 1036 3195 disseruit.

182 3213 289 3290 enique
314 3213 378 3289 regi
403 3211 561 3290 patefecit:
590 3212 670 3289 quod
692 3212 880 3289 polliceatur,
901 3225 1037 3274 senatum

149 3302 180 3350 et
213 3291 361 3368 populum
397 3291 580 3362 Romanum,
608 3291 750 3367 quoniam
784 3294 876 3352 armis
910 3296 1038 3373 amplius
1130 3315 1137 3322 ·

150 3369 324 3439 valuissent,
352 3387 414 3426 non
441 3369 473 3425 in
499 3368 632 3441 gratiam
660 3368 833 3442 habituros;
861 3373 1037 3434 faciundum
