2392 3692
31 127 72 192 62
318 143 346 194 c.
365 143 544 197 statuar!
564 143 686 195 caram

78 300 117 361 ad
140 321 209 362 eum
233 321 288 381 per
311 301 448 363 homines
469 301 571 362 fideles
595 302 697 373 mittit,
717 301 751 360 in
770 302 837 380 quis
856 301 966 363 mollit-

77 383 138 442 iam
163 383 390 462 socordiamque
413 384 473 444 viri
499 403 650 454 accusare,
677 382 781 441 testari
807 382 884 455 deos,
911 403 966 461 per

77 483 151 543 quos
161 464 333 542 juravisset,
342 483 463 525 monere
476 484 515 524 ne
528 464 664 542 praemia
677 462 795 522 Metelli
808 463 838 522 in
852 472 966 541 pestem

77 553 284 616 convorteret;
319 544 493 624 Jugurthae
520 545 649 604 exitium
679 543 797 616 adema3
832 553 965 604 ceterum

49 626 169 686 bsuane
196 645 236 684 an
261 623 380 686 Metelli
400 626 514 686 virtute
538 625 658 704 periret,
679 624 711 684 id
731 624 819 685 modo
838 624 964 702 agitari,

75 704 203 784 proinde
223 714 378 845 reputaret
399 727 469 767 cum
489 706 590 766 animo
608 725 672 778 suo,
685 705 820 785 praemia
839 725 879 764 an
899 724 965 765 cru·

77 786 190 846 oiatum
204 785 318 847 malet.

119 867 161 928 71.
183 865 242 926 Sed
263 887 332 928 cum
353 887 406 928 eae
426 868 547 927 litterae
567 866 697 939 adlatae,
711 866 788 926 forte
808 865 965 925 Nabdalsa

76 947 209 1009 exercito
230 967 353 1027 corpore
374 947 467 1008 fessus
487 948 519 1007 in
540 947 618 1008 lecto
639 946 817 1026 quiescebat,
832 945 885 1006 ubi
898 967 964 1023 cog-

30 1027 148 1088 lenitis
182 1027 362 1089 Bomilcaris
395 1026 497 1088 verbis
530 1028 628 1107 primo
662 1047 744 1100 cura,
774 1025 890 1099 deinde,
918 1027 964 1085 uti

76 1128 199 1186 aegrum
221 1108 357 1168 animum
378 1108 462 1181 solet,
483 1128 604 1169 somnus
625 1109 712 1187 cepit.
754 1107 831 1168 Erat
851 1107 879 1166 ei
898 1104 964 1164 Nu-

76 1188 159 1249 mida
186 1189 311 1267 quidam
339 1190 526 1268 negotiorum
554 1199 685 1262 curator,
709 1188 787 1248 fidus
813 1195 964 1265 acceptus

75 1288 134 1347 que
161 1278 191 1329 et
219 1270 354 1329 omnium
383 1269 573 1331 consiliorum
602 1270 660 1329 nisi
686 1269 850 1330 novissumi
873 1267 964 1347 parti-

76 1368 153 1427 ceps.
196 1349 260 1425 Qui
280 1359 439 1429 postquam
460 1350 579 1410 adlatas
599 1349 716 1410 litteras
736 1348 862 1420 audivit,
876 1357 906 1408 et
923 1368 963 1407 ex

29 1427 292 1491 lbconsuetudine
306 1440 390 1491 ratus
404 1451 495 1510 opera
515 1439 569 1492 aut
588 1431 709 1509 ingenio
729 1450 783 1490 suo
801 1449 875 1507 opus
892 1448 962 1500 ame,

76 1509 109 1568 in
129 1509 362 1571 tabernaculum
382 1511 507 1584 introiit,
528 1511 695 1571 dormiente
721 1510 775 1570 illo
798 1507 963 1588 epistolam,

75 1609 165 1669 super
189 1600 282 1670 caput
305 1593 338 1652 in
362 1591 489 1671 pulvino
511 1600 625 1652 temere
649 1591 785 1670 positam,
809 1590 900 1650 sumit
926 1609 963 1648 ac

76 1669 214 1749 perlegit,
242 1672 313 1733 dein
362 1693 466 1751 ropere
495 1672 621 1751 cognitis
654 1671 769 1732 insidiis
796 1671 835 1730 ad
862 1690 963 1748 regem

75 1751 182 1829 pergit.
225 1692 384 1812 Nabdaba
396 1753 489 1832 paulo
503 1761 569 1832 post
583 1761 776 1831 experrectus
794 1751 847 1810 ubi
867 1770 964 1829 neque

28 1829 66 1890 20
75 1831 232 1909 epistolam
253 1833 387 1912 repperit
400 1843 431 1893 et
445 1854 507 1893 rem
523 1853 650 1905 omnem,
666 1833 711 1892 uti
725 1842 794 1893 acta
807 1841 882 1904 erat,
896 1851 963 1908 cog·

75 1912 170 1984 novit,
194 1913 292 1991 primo
319 1912 448 1974 indicem
477 1913 616 1993 persequi
643 1922 777 1985 conatus,
804 1921 963 1990 postquam

76 1990 107 2050 id
126 1991 239 2052 frustra
258 1993 325 2065 fuit,
340 1992 528 2072 Jugurtham
549 1993 692 2072 placandi
711 1993 810 2072 gratia
830 1991 962 2052 accedit:

76 2070 160 2143 dicit,
185 2092 262 2150 quae
289 2074 352 2152 ipse
375 2074 542 2153 paravisset
566 2073 673 2146 facere,
698 2073 824 2152 pertidia
847 2071 963 2132 clientis

74 2151 122 2210 sui
140 2161 322 2230 praeventa;
343 2153 516 2214 lacrumans
536 2153 705 2214 obtestatur
725 2174 779 2232 per
799 2153 962 2214 amicitiam

28 2229 187 2311 asperque
201 2252 256 2292 sua
270 2243 360 2293 antea
374 2233 503 2294 fideliter
517 2243 594 2307 acta,
609 2255 648 2294 ne
667 2254 758 2313 super
777 2233 831 2294 tali
853 2233 963 2294 scelere

74 2331 124 2370 sus
180 2320 245 2371 tum
259 2333 321 2374 sese
335 2313 468 2374 haberet.
736 2327 741 2336 ’

137 2392 165 2452 2.
187 2391 239 2452 Ad
261 2413 296 2454 ea
316 2414 381 2467 rex,
402 2394 492 2454 aliter
513 2404 605 2474 atque
625 2395 726 2455 animo
747 2393 879 2473 gerebat,
899 2393 962 2472 pla-

75 2471 141 2531 cide
168 2474 329 2551 respondit.
385 2473 557 2536 Bomilcare
592 2475 719 2554 aliisque
749 2475 862 2547 multis,
889 2493 963 2552 quos

73 2552 167 2612 socios
194 2552 373 2614 insidiarum
401 2564 593 2633 cognoverat,
615 2556 782 2616 interfectis
809 2556 886 2614 iram
913 2575 963 2632 op-

27 2629 65 2691 30
95 2642 230 2705 resserat,
258 2654 297 2694 ne
324 2654 385 2713 qua
412 2654 451 2695 cx
480 2656 514 2695 eo
541 2637 661 2715 negotio
691 2636 797 2696 seditio
825 2636 961 2696 oriretur.

105 2731 180 2789 eque
255 2722 268 2773 t
289 2714 320 2774 id
342 2713 476 2775 locorum
490 2714 512 2776 J
514 2717 665 2794 ugurthae
679 2717 742 2776 dics
755 2726 808 2776 aut
822 2736 884 2775 nox
899 2714 963 2774 ulla

73 2791 177 2868 quieta
226 2791 266 2864 it;
288 2813 385 2872 neque
405 2794 471 2855 loco
491 2816 588 2874 neque
609 2797 732 2857 mortali
748 2797 896 2875 cuiquam
908 2803 962 2856 aut

72 2871 201 2963 tempori
214 2873 286 2932 satis
301 2873 431 2947 credere,
447 2875 526 2936 cives
540 2876 698 2956 hostesque
714 2878 807 2956 juxta
821 2885 961 2948 metuere,

72 2961 324 3030 circumspectare
350 2954 452 3014 omnia
476 2963 505 3015 ct
530 2957 613 3016 omni
639 2957 767 3036 strepitu
794 2976 961 3036 pavescere,

25 3027 133 3090 etalio
160 3039 252 3111 atque
279 3032 339 3092 alio
367 3033 440 3108 loco,
468 3055 556 3114 saepe
583 3046 690 3098 contra
716 3038 807 3098 decus
834 3037 960 3116 regium,

71 3119 162 3170 noctu
184 3111 378 3189 requiescere,
400 3114 552 3174 interdum
573 3135 676 3177 somno
696 3118 813 3178 excitus
834 3118 962 3196 arreptis

71 3191 164 3249 armis
177 3191 345 3251 tumultum
359 3192 474 3264 facere;
491 3195 534 3254 ita
548 3195 709 3257 formidine
723 3199 809 3276 quasi
821 3197 961 3259 vecordia

73 3269 231 3346 exagitari.

114 3348 285 3426 tergitur
313 3350 465 3422 Metellus,
487 3350 540 3410 ubi
567 3353 605 3412 de
633 3375 704 3414 casu
731 3355 910 3417 Bomilcaris
930 3365 961 3418 et
