2392 3692
110 127 152 195 74
395 141 420 191 c.
439 139 617 190 sarrusrr
639 140 760 190 carsrr

157 301 200 361 Et
213 299 355 379 profecto,
370 298 416 358 dis
424 296 613 377 juvantibus,
627 297 729 357 omnia
748 306 870 361 matura
888 307 970 372 sunt,
984 301 1045 362 vic·

156 381 242 452 toria,
257 379 379 459 praeda,
393 377 475 438 laus:
497 397 574 456 quae
588 378 614 437 si
627 376 722 437 dubia
741 386 796 437 aut
816 379 922 456 procul
936 389 1043 453 essent,

155 471 257 522 tamen
278 479 379 520 omnes
400 459 491 519 bonos
512 458 555 518 rei
576 458 717 538 publicae
734 456 895 518 subvenire
908 460 1043 521 decebat.

157 541 279 601 Etenim
299 560 387 600 nemo
407 539 530 618 ignavia
550 538 729 598 immortalis
752 537 851 599 factus
872 548 926 613 est,
945 561 1045 620 neque

128 622 313 701 bquisquam
334 640 442 760 parens
462 619 574 692 liberis,
592 620 639 679 uti
659 618 775 679 aeterni
794 619 902 693 forent,
916 622 1044 700 optavit,

156 702 251 780 magis
272 701 317 760 uti
359 700 409 760 oni
429 700 604 778 honestique
624 699 721 760 vitam
742 700 906 778 exigerent.
947 700 1045 761 Plura

155 783 294 854 dicerem,
315 781 459 856 Quirites,
480 780 505 840 si
530 779 644 840 timidis
668 780 813 840 virtutem
836 779 931 841 verba
955 782 1044 842 adde

155 871 238 924 rent:
260 881 332 922 nam
345 861 474 921 strenuis
488 860 610 920 abunde
623 860 739 921 dietum
753 860 855 939 put0.''

199 943 248 1004 86.
270 941 407 1002 Hu'usoe
430 941 512 1000 modi
537 941 673 1001 oratione
693 940 800 1001 habita
819 940 947 1015 Marius,
965 951 1044 1021 post·

112 1025 248 1102 mquam
275 963 372 1101 plebis
399 1022 514 1081 animos
542 1030 673 1082 arrectos
696 1022 788 1094 videt,
812 1042 938 1101 propere
964 1043 1056 1084 com,

155 1111 265 1175 meatu,
299 1101 458 1181 stipendio,
496 1103 588 1162 armis
625 1102 751 1182 aliisque
787 1101 914 1162 utilibus
950 1123 1044 1163 naves

155 1191 276 1255 onerat3
311 1203 381 1244 oum
411 1181 458 1242 his
485 1181 524 1242 A.
553 1182 705 1242 Manlium
732 1183 867 1262 legatum
895 1182 1044 1260 proficisci

155 1263 252 1345 jubet.
294 1262 363 1343 Ipse
383 1263 499 1322 interea
520 1263 629 1323 milites
648 1262 788 1336 scribere,
801 1283 863 1322 non
881 1280 964 1322 more
983 1284 1043 1323 ma-

156 1347 375 1424 jorum‘neque
399 1364 438 1403 ex
462 1343 614 1416 classibus,
634 1343 687 1404 sed
707 1343 753 1403 uti
773 1344 918 1423 cujusque
938 1343 1043 1404 lubido

108 1426 146 1484 15
155 1433 229 1498 erat,
244 1424 344 1504 capite
365 1443 465 1485 censos
486 1424 650 1503 plerosque.
692 1423 730 1484 Id
743 1415 859 1484 factum
873 1423 926 1483 alii
940 1424 1043 1502 inopia

155 1505 312 1578 bonorum,
327 1503 381 1565 alii
395 1525 449 1584 per
463 1503 657 1565 ambitionem
676 1503 805 1565 consulis
825 1505 1042 1578 memorabant,

156 1586 235 1665 quod
260 1585 299 1645 ab
323 1606 358 1645 eo
382 1604 491 1664 genere
518 1584 687 1645 celebratus
714 1593 880 1662 auctusque
901 1583 985 1658 erat;
1012 1595 1043 1646 et

155 1666 270 1727 homini
297 1667 462 1744 potentiam
490 1666 648 1744 quaerenti
675 1665 891 1744 egentissumus
918 1666 1043 1745 quisque

155 1747 443 1827 opportunissnmus‚
463 1747 511 1805 cui
535 1766 632 1824 neque
654 1766 710 1805 sua
733 1765 812 1818 cara,
834 1745 946 1824 quippe
966 1766 1044 1824 quae
1107 1747 1111 1750 ’

108 1830 146 1890 20
155 1828 242 1888 nulla
265 1835 345 1899 sunt,
366 1835 397 1887 et
417 1826 517 1886 omnia
538 1847 608 1887 oum
628 1826 724 1905 pretio
744 1824 871 1886 honesta
891 1826 1041 1887 videntur.

155 1909 255 1987 Igitur
276 1907 393 1968 Marius
414 1927 482 1967 curn
503 1907 659 1985 aliquanto
676 1907 789 1986 majore
801 1926 936 1980 numero,
951 1927 1042 1984 quam

155 1991 309 2049 decretum
330 1996 404 2059 erat,
424 1987 457 2046 in
478 1985 618 2047 Africam
637 1987 788 2066 profectus
811 1987 915 2066 paucis
939 1988 1042 2048 diebus

155 2069 279 2131 Uticam
293 2068 463 2129 advehitur.
505 2066 668 2127 Exercitus
688 2067 715 2127 ei
735 2067 869 2127 traditur
889 2087 908 2127 a
928 2068 963 2128 P.
982 2068 1042 2129 Ru·

155 2151 222 2211 tilio
236 2149 353 2228 legato:
369 2168 440 2208 nam
454 2147 597 2207 Metellus
613 2155 804 2225 conspectum
818 2146 900 2206 Mari
913 2148 1041 2228 fugerat,

108 2234 193 2292 25ne
213 2230 331 2291 videret
352 2249 396 2301 ea,
416 2249 494 2308 quae
518 2228 623 2288 audita
647 2228 765 2288 animus
788 2227 918 2288 tolerare
941 2230 1041 2308 nequi·

154 2320 248 2374 verat.

196 2392 243 2454 87.
265 2389 324 2450 Sed
345 2389 450 2450 consul
471 2388 599 2468 expletis
619 2388 787 2468 legionibus
811 2388 1042 2470 cohortibusque

154 2471 323 2534 auxiliariis
350 2471 382 2529 in
411 2490 519 2549 agrum
546 2469 675 2528 fertilem
703 2478 734 2529 et
761 2469 874 2547 praeda
901 2480 1041 2531 onustum

154 2552 369 2634 proficiscitur;
391 2551 493 2611 omnia
512 2549 554 2608 ibi
571 2559 661 2628 capta
675 2549 822 2610 militibus
842 2550 952 2624 donat;
974 2552 1042 2612 dein

108 2635 146 2695 30
156 2632 279 2695 castella
292 2641 322 2693 et
336 2631 449 2710 oppida
468 2639 579 2690 natura
592 2639 623 2689 et
636 2630 710 2690 viris
724 2650 834 2708 parurn
854 2631 973 2691 munita
994 2653 1042 2712 ag-

154 2715 307 2794 greditur;
335 2712 451 2792 proelia
478 2710 584 2783 multa,
613 2719 746 2770 ceterum
773 2709 861 2783 levia,
889 2711 950 2770 alia
976 2712 1042 2772 aliis

155 2795 228 2856 locis
242 2795 348 2854 facere.
390 2792 519 2853 Interim
533 2791 606 2852 novi
619 2791 730 2851 milites
749 2791 813 2852 siue
827 2800 908 2850 metu
923 2812 1043 2871 pugnae

155 2875 272 2948 adesse3
300 2873 403 2936 videre
430 2873 578 2952 fugientes
606 2871 674 2950 capi
701 2880 754 2931 aut
782 2872 887 2944 occidi,
912 2872 1042 2934 fortissu-

154 2977 238 3016 mum
266 2974 414 3035 quemque
440 2954 644 3025 tutissumum,
669 2953 761 3012 armis
787 2951 968 3026 libertatem,
993 2976 1042 3034 pa-

108 3037 146 3096 35
155 3037 246 3097 triam
267 3043 465 3117 parentesque
479 3043 509 3094 et
523 3033 584 3093 alia
598 3033 700 3092 omnia
720 3033 790 3112 tegi,
804 3033 932 3111 gloriam
952 3044 1042 3114 atque

155 3118 277 3178 divitias
304 3116 417 3195 quaeri.
459 3114 509 3174 Sic
536 3114 624 3173 brevi
651 3114 748 3190 spatio
775 3114 847 3175 novi
869 3123 1043 3194 veteresque

156 3197 293 3256 coaluere
306 3203 336 3253 et
351 3195 447 3254 virtus
461 3193 595 3252 omnium
613 3192 746 3269 aequalis
760 3193 849 3253 facta.
891 3193 937 3254 At
950 3217 1042 3274 reges,

156 3275 210 3333 ubi
230 3275 268 3333 de
288 3273 421 3332 adventu
443 3272 524 3330 Mari
545 3280 760 3347 cognoverunt,
779 3272 891 3333 divorsi
910 3273 945 3332 E
964 3274 1043 3336 locos
1158 3303 1162 3312 ·

30 3397 31 3400 η
102 3427 106 3438 ⁸
157 3350 293 3412 difficiles
311 3349 432 3409 abeunt.
475 3350 525 3414 Ita
539 3348 713 3426 Jugurthae
733 3350 890 3428 placuerat
908 3356 1043 3432 speranti
