2392 3692
401 155 456 208 rm
475 155 594 207 arato
616 155 862 208 Joorararao.
1057 139 1099 206 a1

159 315 272 395 Regno
293 313 467 388 Numidiae,
481 315 562 394 quod
576 323 713 378 vostrum
734 322 787 387 est,
809 314 855 374 uti
875 311 969 386 lubet,
986 332 1054 374 con·

158 395 270 456 sulita:
296 417 344 456 me
367 395 507 456 manibus
531 396 632 476 impiis
655 395 771 475 eripite,
792 415 846 474 per
866 395 1054 474 majestatem

158 477 281 555 imperi,
295 496 349 556 per
363 475 514 537 amicitiae
527 474 628 547 fidem,
642 475 667 536 si
687 474 753 536 ulla
773 475 856 555 apud
868 496 923 536 vos
943 495 1053 536 memo

158 557 209 617 ria
224 565 359 618 remanet
374 557 425 616 avi
438 557 497 616 mei
510 555 715 618 Masinissae.”

203 637 254 699 26.
277 637 336 698 His
359 637 468 697 litteris
491 637 625 699 recitatis
647 637 741 710 fuere,
762 637 815 716 qui
834 635 1002 697 exercitum
1022 634 1055 695 in
1083 633 1099 694 t

159 718 303 778 Africam
326 717 508 777 mittendum
527 725 682 778 censerent
695 726 725 777 et
739 737 831 796 quam
845 717 977 796 primum
990 714 1055 775 Ad·

159 797 283 858 herbali
313 797 575 871 subveniundum
609 799 648 858 de
675 797 833 877 Jugurtha
859 797 980 858 interim
1007 796 1054 856 uti

160 877 380 951 consuleretur,
405 880 547 957 quoniam
575 877 683 959 legatis
709 899 771 938 non
798 877 953 957 paruisset.
994 875 1054 938 Sed

159 959 203 1019 ab
225 959 337 1020 eisdem
357 959 418 1019 illis
438 960 516 1038 regis
536 958 706 1020 fautoribus
725 979 844 1021 summa
863 978 920 1038 ope
937 957 1054 1018 enisum

159 1048 217 1112 est,
232 1059 271 1100 ne
290 1038 352 1099 tale
373 1040 527 1100 decretum
547 1038 640 1100 lieret.
683 1039 733 1100 Ita
752 1039 865 1100 bonum
886 1038 1053 1118 publicum,
1063 1036 1100 1098 10

159 1130 199 1180 ut
220 1120 253 1181 in
274 1119 423 1200 plerisque
444 1119 571 1200 negotiis
591 1119 816 1260 solemma
835 1120 936 1199 gratia
955 1119 1054 1181 devic-

159 1211 240 1262 tum.
283 1199 440 1280 Legantur
467 1210 569 1262 tamen
597 1201 630 1260 in
720 1201 797 1262 'cam
824 1200 951 1280 majoroe
977 1209 1053 1260 natu

160 1280 289 1353 nobiles,
304 1281 412 1360 amplis
432 1280 596 1342 honoribus
616 1281 682 1353 usi;
703 1281 817 1360 inquis
831 1281 890 1342 fuit
903 1280 947 1340 M.
961 1279 1053 1342 Scau-

160 1382 226 1434 rus,
240 1360 279 1422 de
300 1383 358 1441 quo
379 1381 470 1440 supra
491 1361 733 1435 memoravimus,
753 1362 917 1423 consularis
937 1370 968 1422 et
987 1370 1054 1422 tum

160 1451 288 1503 senatus
314 1442 461 1521 princeps.
511 1441 565 1516 Hi,
593 1442 675 1521 quod
702 1462 749 1502 res
776 1442 808 1501 in
836 1442 953 1503 invidia
978 1450 1052 1514 erat,
1063 1440 1101 1499 15

161 1521 256 1584 simul
276 1531 307 1583 et
327 1522 367 1583 ab
388 1521 530 1583 Numidis
550 1522 708 1595 obsecrati,
722 1521 825 1582 triduo
838 1522 941 1583 navim
954 1542 1054 1583 ascen·

162 1605 254 1677 dere;
275 1603 346 1664 dein
360 1602 446 1664 brevi
459 1602 584 1664 Uticam
604 1601 725 1682 appulsi
745 1602 863 1666 litteras
882 1603 922 1662 ad
942 1602 1054 1682 Jugur-

161 1685 252 1746 tham
280 1684 415 1756 mittunt,
443 1704 535 1764 quam
562 1685 708 1745 ocissume
731 1684 770 1744 ad
795 1683 983 1763 provinciam
1007 1704 1054 1745 ao

163 1765 263 1838 cedat,
284 1785 373 1844 seque
401 1764 440 1824 ad
467 1784 537 1824 eum
564 1763 605 1825 ab
631 1772 737 1825 senatu
765 1765 875 1824 missos
917 1762 975 1824 Ille
1001 1764 1054 1825 ubi

162 1845 283 1925 accepit
297 1845 432 1905 homines
446 1844 550 1918 claros,
565 1866 694 1924 quorum
713 1846 925 1906 auctoritatem
939 1845 1055 1905 Romae
1064 1845 1103 1905 20

163 1925 281 2008 pollere
308 1925 476 1998 audiverat,
501 1935 607 1987 contra
634 1927 788 2005 inceptum
815 1946 902 1986 suum
930 1926 1054 1997 venisse,

163 2007 264 2088 primo
279 2014 454 2079 commotus,
468 2015 550 2066 metu
571 2015 663 2086 atque
683 2005 820 2067 lubidine
838 2006 974 2068 divorsus
994 2006 1055 2086 agi-

163 2087 299 2149 tabatur.
341 2085 481 2148 Timebat
494 2087 571 2147 iram
584 2097 715 2159 senatus,
725 2089 758 2148 ni
772 2088 918 2167 paruisset
929 2087 1052 2166 legatis:

163 2189 256 2248 porro
281 2167 400 2227 animus
424 2166 566 2247 cupidine
589 2189 695 2229 caecus
719 2168 757 2228 ad
782 2168 936 2247 inceptum
959 2168 1055 2229 scelus

164 2248 351 2329 rapiebatur.
392 2246 478 2310 Vicit
498 2258 601 2310 tamma
622 2249 653 2309 in
675 2248 764 2310 avido
784 2248 905 2328 ingenio
926 2248 1103 2328 pravum25

165 2329 334 2391 consilium.
390 2327 489 2408 Igitur
516 2330 653 2392 exercitu
680 2329 866 2391 circumdato
886 2350 1004 2390 summa
1024 2329 1056 2389 vi

164 2410 285 2472 Cirtam
305 2409 472 2490 irrumpere
492 2410 609 2484 nititur,
623 2431 766 2471 maxume
786 2429 917 2489 sperans,
931 2410 1056 2470 diducta

165 2511 259 2552 manu
274 2490 406 2552 hostium
420 2499 474 2551 aut
487 2491 519 2550 vi
540 2500 594 2551 aut
614 2491 691 2551 dolis
710 2511 772 2552 sese
794 2511 896 2551 casum
910 2490 1055 2552 victoriae

165 2574 372 2633 inventurum.
414 2570 506 2647 Quod
526 2569 579 2632 ubi
600 2592 684 2633 secus
704 2572 839 2651 procedit
859 2591 957 2650 neque
975 2570 1055 2650 quod

167 2652 341 2714 intenderat
354 2651 470 2713 efficere
483 2660 589 2732 potest,
604 2661 639 2712 ut
653 2653 737 2732 prius
750 2673 843 2732 quam
856 2652 972 2732 legatos
988 2672 1056 2712 con·
1064 2650 1103 2711 30

167 2734 286 2794 veniret
309 2731 494 2794 Adherbalis
517 2733 674 2812 potiretur,
695 2753 733 2793 ne
757 2733 887 2813 amplius
911 2731 1055 2793 morando

168 2812 326 2886 Scaurum,
354 2833 443 2892 quem
471 2813 649 2955 plurumum
682 2814 844 2886 metuebat,
871 2815 1053 2885 incenderet,

169 2914 240 2954 cum
260 2893 364 2973 paucis
383 2893 479 2973 equiti
500 2915 536 2954 us
555 2894 588 2954 in
610 2894 797 2974 provinciam
810 2895 902 2955 venit.
945 2893 994 2954 Ac
1012 2903 1056 2954 ta·

168 2974 256 3034 metsi
283 2982 402 3035 senatus
429 2974 531 3036 verbis
557 2995 665 3053 graves
692 2975 792 3034 minae
825 2974 1055 3046 nuntiabantur,

169 3055 250 3133 quod
271 3054 310 3114 ab
330 3057 555 3135 oppugnatione
575 3075 637 3116 non
658 3055 821 3127 desisteret,
836 3055 935 3116 multa
953 3064 1056 3115 tamen
1065 3053 1102 3112 35

170 3135 304 3195 oratione
318 3144 496 3215 consumpta
510 3135 601 3213 legati
616 3134 730 3195 frustra
743 3136 915 3196 discessere:

209 3215 260 3277 26.
283 3215 332 3276 Ea
361 3225 521 3295 postquam
556 3215 659 3274 Cirtae
693 3216 798 3274 audita
830 3225 911 3288 sunt,
946 3213 1056 3284 Italici,

170 3315 298 3390 quorum
315 3296 429 3358 virtute
450 3295 568 3356 moenia
589 3294 833 3365 defensabantur,
854 3295 957 3354 confisi
977 3294 1057 3352 dedi-

169 3384 251 3437 trone
278 3377 359 3438 facta
386 3384 510 3455 propter
537 3373 777 3452 magnitudinem
801 3372 906 3448 populi
927 3370 1058 3428 Romani
