2392 3692
363 774 401 846 C.
434 771 656 846 SALLUSTI
687 771 845 845 CRISPI

193 949 265 1040 ur]
294 946 699 1038 CONJURATIONE
728 943 1009 1036 CATILINAE

513 1104 697 1169 nmen.

496 1248 709 1289 -ήοᾲοςοο-

173 1374 198 1434 1.
226 1371 344 1432 Ouuns
378 1371 521 1444 homines,
533 1370 602 1456 0q¹¹i
632 1391 695 1430 sese
722 1370 846 1430 student
872 1380 1025 1450 praestare

130 1451 241 1515 ceteris
262 1450 451 1523 animalibus,
472 1471 589 1512 summa
610 1472 665 1530 ope
686 1451 743 1510 niti
764 1451 859 1523 decet,
873 1471 912 1510 ne
929 1451 1023 1512 vitam

130 1533 254 1594 silentio
274 1540 430 1593 transeant
450 1532 547 1593 veluti
567 1552 684 1610 pecora,
698 1551 776 1610 quae
797 1540 908 1591 natura
929 1551 1025 1610 prona

131 1623 226 1693 atque
239 1613 341 1674 ventri
355 1611 524 1672 obedientia
537 1611 636 1672 finxit
677 1610 737 1672 Sed
751 1621 855 1671 nostra
868 1611 964 1671 omnis
979 1612 1024 1671 vis

132 1697 166 1755 in
181 1694 284 1754 animo
298 1701 328 1753 et
342 1713 465 1771 corpore
478 1693 537 1753 sita
550 1701 611 1765 est;
633 1693 727 1752 animi
741 1692 876 1771 imperio,
891 1692 1023 1769 eorporis
1051 1692 1071 1750 5

130 1774 257 1836 servitio
271 1773 366 1852 magis
379 1773 512 1844 utimur;
533 1773 664 1833 alterum
684 1773 770 1833 nobis
791 1793 859 1833 cum
881 1771 936 1845 dis,
950 1771 1023 1832 alte·

132 1876 204 1915 rum
232 1875 303 1915 eum
330 1852 426 1913 beluis
453 1874 611 1914 commune
630 1864 683 1914 est.
726 1854 796 1930 Quo
816 1852 893 1913 mihi
912 1853 1023 1913 rectius

131 1936 257 1997 videtur
267 1934 368 2013 ingeni
379 1954 470 2012 quam
480 1935 593 1994 virium
607 1934 713 2014 opibus
727 1934 855 2014 gloriam
869 1953 1022 2013 quaerere,

132 2025 163 2077 et
185 2015 328 2094 quoniam
349 2015 414 2075 vita
433 2015 507 2094 ipsa,
529 2035 589 2093 qua
609 2014 748 2087 fruimur,
769 2014 870 2076 brevis
890 2023 943 2087 est,
964 2035 1022 2074 me

133 2098 262 2157 moriam
272 2094 367 2155 nostri
377 2115 469 2174 quam
483 2115 626 2156 maxume
638 2096 760 2175 longam
774 2095 898 2156 efficere.
940 2094 1021 2155 Nam
1033 2096 1072 2156 10

132 2177 312 2238 divitiarum
327 2183 356 2236 et
370 2176 484 2236 formae
504 2175 602 2254 gloria
622 2176 708 2236 fluxa
728 2185 819 2254 atque
838 2176 955 2255 fragilis
969 2186 1022 2249 est,

132 2258 231 2319 virtus
252 2256 336 2317 clara
355 2265 537 2335 aeternaque
556 2255 694 2317 habetur.
736 2255 796 2316 Sed
809 2257 861 2316 diu
877 2278 1022 2336 magnum

132 2339 212 2399 inter
233 2337 375 2397 mortales
396 2345 548 2397 certamen
569 2337 637 2411 fnit,
659 2338 729 2398 vine
749 2337 881 2416 corporis
902 2358 942 2398 an
963 2338 1023 2399 vir-

132 2429 198 2480 tute
220 2418 314 2478 animi
334 2438 381 2478 res
401 2418 541 2478 militaris
560 2419 655 2497 magis
673 2419 855 2497 procederet.
897 2418 979 2478 Nam
993 2427 1023 2478 et

133 2500 218 2578 prins
232 2518 324 2576 quam
338 2499 463 2576 incipias
482 2498 627 2570 consulto,
642 2508 672 2558 et
686 2498 739 2559 ubi
753 2498 946 2572 consulueris,
960 2519 1022 2559 ma·
1032 2499 1071 2559 15

132 2590 201 2641 ture
215 2579 297 2639 facto
310 2599 384 2657 opus
402 2587 454 2639 est.
497 2578 547 2638 Ita
567 2586 730 2658 utrumque
749 2599 803 2659 per
823 2601 854 2640 se
875 2580 1022 2660 indigem,

133 2661 264 2720 alterum
278 2659 402 2719 alterius
415 2658 530 2719 auxilio
543 2668 619 2738 eget.

174 2740 204 2803 2.
229 2739 328 2818 Igitur
348 2739 435 2799 initio
455 2759 650 2818 reges-nam
675 2739 707 2800 in
730 2740 819 2800 terris
838 2761 949 2800 nomen
969 2740 1022 2800 im-

133 2821 198 2901 peri
225 2820 257 2880 id
284 2821 415 2899 primum
443 2819 654 2882 fuit-divorsi
681 2841 751 2899 pars
778 2821 942 2900 ingenium,
970 2822 1023 2881 alii

135 2921 242 2979 corpus
265 2899 462 2961 exercebant:
484 2901 575 2961 etiam
600 2909 665 2960 tum
691 2901 754 2962 vita
778 2901 935 2962 hominum
959 2902 1071 2962 sine20

135 2981 300 3060 eupiditate
327 2980 509 3060 agitabatur,
536 3001 591 3041 sua
619 2982 727 3060 cuique
753 2983 826 3042 satis
853 2982 1021 3061 placebant.

135 3061 243 3122 Postea
255 3082 327 3123 vero
347 3081 439 3140 quam
459 3061 491 3120 in
508 3061 583 3122 Asia
604 3061 712 3140 Cyrus,
727 3062 760 3121 in
780 3062 910 3123 Graecia
931 3063 1022 3124 Lace

135 3141 284 3202 daemonii
295 3151 325 3202 et
335 3141 534 3203 Athenienses
546 3163 669 3221 coepere
679 3141 769 3202 urbes
783 3152 874 3221 atque
887 3144 1023 3203 nationes

134 3222 279 3302 subigere,
294 3221 462 3282 lubidinem
481 3222 657 3283 dominandi
679 3243 801 3282 calisam
814 3222 888 3282 belli
902 3222 1022 3293 habere,

135 3322 310 3362 maxumam
324 3302 452 3382 gloriam
466 3303 499 3361 in
513 3323 657 3362 maxumo
679 3303 804 3378 imperio
825 3310 941 3376 putare,
956 3312 1021 3358 tum
1032 3301 1070 3356 25

136 3382 257 3442 demum
281 3381 415 3461 periculo
439 3391 530 3458 atque
554 3376 681 3457 neg'otiis
706 3387 893 3454 compertum
917 3387 969 3443 est,
991 3377 1022 3432 in

929 3468 963 3515 93
