2392 3692
351 191 406 240 nn
429 190 710 241 oouJuunrroun
734 191 939 241 certarnen
1050 177 1113 240 133

173 349 306 411 audacia
320 358 492 429 quantaque
507 352 552 412 vis
572 351 667 411 animi
687 350 792 412 finisset
811 352 843 411 in
860 352 996 413 exercitu
1010 350 1067 413 Ca·

172 430 288 491 tilinae.
331 428 413 489 Nam
434 430 505 503 fere,
526 452 617 510 quem
641 432 767 511 quisque
787 432 876 493 vivus
899 432 1065 513 pugnando

173 510 276 572 locum
298 519 427 589 ceperat,
444 531 513 571 eum
534 512 643 572 amissa
663 512 765 572 anima
788 532 911 592 corpore
934 511 1064 592 tegebat.

172 591 271 652 Pauci
299 600 409 664 autem,
430 611 504 669 quos
532 592 645 653 modios
672 592 777 654 cohors
802 593 954 673 praetoria
977 594 1064 673 disje-

172 681 267 746 cerat,
313 671 384 733 aulo
411 671 568 745 divorsius,
596 672 648 733 sed
675 693 776 733 omnes
804 683 906 734 tamen
930 674 1066 736 advorsis
1094 674 1113 733 5

171 692 349 815 volueriius
369 751 571 814 conciderant.
613 752 749 814 Catilina
763 774 836 816 vero
856 752 946 833 longe
965 774 985 814 a
1004 754 1066 815 suis

171 835 254 894 inter
267 833 399 893 hostium
414 832 563 893 cadavera
577 843 714 912 repertus
727 844 781 908 est,
836 834 955 895 ululum
973 834 1065 896 etiam

171 914 301 994 spirans,
322 913 524 993 ferociamque
551 913 655 987 animi,
676 935 768 995 quam
817 914 946 977 abuerat
966 916 1064 989 vivus,

172 996 206 1054 in
230 994 317 1056 voltu
342 994 482 1056 retinens.
523 992 680 1055 Postremo
699 1015 739 1055 ex
759 996 842 1057 omni
861 995 948 1075 eopia
968 1016 1065 1076 noque

172 1076 207 1135 in
227 1073 341 1155 proelio
361 1094 459 1154 neque
479 1073 512 1134 in
532 1074 606 1155 fuga
629 1074 789 1156 qnisquam
816 1075 891 1136 civis
917 1076 1114 1156 ingenuus10

172 1163 282 1235 captus
302 1164 362 1215 est:
384 1154 428 1215 ita
448 1155 551 1216 cuncti
570 1175 642 1216 suae
662 1156 854 1237 hostiumque
874 1156 956 1217 vitae
972 1157 1064 1236 juxta

171 1244 379 1315 pepercerant.
421 1234 528 1315 Neque
541 1244 644 1297 tamen
657 1236 808 1297 exercitus
818 1237 923 1316 populi
934 1236 1066 1298 Romani

172 1317 288 1377 laetam
298 1324 352 1376 aut
362 1316 552 1378 incruentam
560 1317 719 1378 victoriam
730 1317 858 1397 adeptus
867 1326 941 1378 erat.
983 1316 1065 1377 Nam

170 1397 405 1458 strenuissumus
426 1397 552 1477 quisque
576 1406 631 1457 aut
651 1398 803 1459 occiderat
824 1398 856 1457 in
876 1397 991 1478 proelio
1010 1408 1064 1459 aut

171 1478 309 1558 graviter
332 1477 506 1539 volneratus
529 1478 712 1539 discesserat.
754 1478 849 1539 Multi
875 1487 988 1552 autem,
1011 1478 1112 1558 qui15

172 1580 190 1619 o
212 1558 317 1619 castris
336 1558 458 1619 visundi
481 1566 536 1619 aut
560 1558 710 1637 spoliandi
729 1560 829 1639 gratia
849 1568 1064 1638 processerant,

155 1640 158 1645 ’
172 1638 332 1701 volventes
345 1638 467 1699 hostilia
482 1639 640 1711 cadavera,
655 1640 787 1701 amicum
801 1639 862 1713 alii
877 1660 948 1721 pars
967 1640 1065 1720 hospi-

172 1728 237 1780 tem
258 1727 311 1779 aut
332 1728 495 1799 cognatum
515 1719 723 1798 reperiebant;
743 1720 827 1781 fuere
847 1722 929 1793 item,
944 1722 997 1800 qui
1010 1721 1065 1781 ini·

173 1800 269 1861 micos
300 1819 369 1860 suos
401 1808 620 1893 cognoscerent.
675 1800 726 1861 Ita
753 1802 837 1862 varie
863 1822 918 1881 per
945 1822 1064 1862 omnem

172 1879 342 2020 exgrcitum
356 1878 481 1953 laetitia,
496 1900 623 1952 maeror,
638 1880 737 1941 luctus
757 1890 849 1961 atque
868 1882 982 1961 gaudia
1001 1882 1064 1962 agi·
1073 1884 1112 1943 20

173 1970 208 2021 ta
229 1968 329 2020 antur.
