2392 3692
126 119 187 185 108
413 132 438 183 e.
457 132 636 184 sunrusrr
657 133 778 183 carsrr
886 102 888 105 ⁴

172 290 335 371 jurationis
357 290 507 370 principes
529 299 675 353 convocat
693 312 748 371 per
766 290 811 352 M.
828 291 973 354 Porcium
988 294 1066 354 Lae·
1179 323 1180 340 κ

171 391 248 443 eam,
259 369 360 450 ibique
374 371 471 431 multa
485 371 522 432 de
536 372 661 451 ignavia
673 393 777 433 eorum
789 383 921 451 questus,
932 374 1020 435 docet
1033 395 1066 435 se

171 450 325 513 Manlium
345 452 531 531 praemisisse
554 453 593 512 ad
619 473 686 513 eam
711 452 950 527 multitudinem,
971 475 1066 535 quam

55 604 63 610 ⁸
171 532 211 593 ad
232 532 385 611 capiunda
405 553 491 593 arma
510 542 683 611 paraverat,
697 534 771 593 item
785 534 859 595 alios
873 536 905 594 in
918 534 982 596 alia
996 535 1066 597 loca
1179 561 1180 582 ¹

144 614 351 693 bopportuna,
367 613 419 690 qui
440 612 561 673 initium
581 613 656 674 belli
676 614 819 688 facerent,
840 635 931 694 seque
952 616 992 676 ed
1013 638 1065 677 ex-

171 694 299 755 ercitum
314 693 462 773 proficisci
477 714 594 774 cupere,
609 694 635 754 si
671 694 733 754 rius
746 694 922 756 Ciceronem
944 717 1065 777 oppres·

171 775 272 846 sisset;
293 795 361 834 eum
376 774 437 835 suis
451 774 581 836 consiliis
595 715 727 835 mullum
741 774 867 836 officere.

214 855 265 917 28.
288 853 389 934 Igitur
408 855 575 935 perterritis
596 875 633 917 ac
652 854 864 917 dubitantibus
888 858 1004 927 ceteris,
1028 857 1064 918 C.

172 935 338 1008 Cornelius,
353 956 443 1014 eques
464 934 629 1008 Romanus,
649 956 772 1015 operam
792 957 879 997 suam
899 937 1064 1016 pollicitus,

126 1016 201 1076 lOet
229 1036 299 1077 eum
326 1036 362 1077 eo
389 1016 425 1077 L.
447 1016 656 1095 Vargunteius
678 1025 799 1078 senator
823 1018 1006 1079 constituere
1028 1039 1066 1079 ea

171 1104 259 1157 nocte
280 1096 372 1175 paulo
392 1104 458 1175 post
479 1118 548 1158 cum
570 1097 694 1159 armatis
714 1097 895 1170 hominibus,
909 1098 1001 1159 sicuti
1020 1120 1066 1159 sa·

172 1177 314 1250 lutatum,
337 1177 462 1237 introire
495 1178 534 1237 ad
568 1176 745 1238 Ciceronem
771 1198 808 1239 ac
835 1178 873 1237 de
900 1164 1066 1257 imprdviso
1179 1201 1182 1220 r

172 1257 254 1318 dorni
274 1278 346 1318 suae
367 1257 553 1336 imparatum
573 1258 742 1319 confodere.
784 1257 895 1319 Curius
909 1258 964 1319 ubi
977 1260 1066 1320 intel·

172 1336 254 1416 legit,
266 1347 414 1415 quantum
428 1337 596 1415 periculum
611 1338 727 1399 consuli
740 1338 922 1417 impendeat,
937 1360 1067 1419 propere

125 1418 226 1496 seper
247 1417 389 1479 Fulviam
410 1417 549 1479 Ciceroni
570 1418 683 1492 dolum,
702 1419 756 1498 qui
776 1419 954 1498 parabatur,
972 1440 1067 1480 enun-

172 1499 237 1559 tiat.
280 1497 330 1559 Ita
349 1498 395 1558 illi
418 1499 509 1559 'anua
522 1498 669 1579 prohibiti
682 1507 804 1559 tantum
817 1499 935 1560 facinus
949 1501 1067 1562 frustra

172 1589 372 1658 susceperant.
412 1520 536 1640 luteres
563 1579 700 1640 Manlius
727 1580 760 1640 in
788 1579 917 1640 Etruria
943 1580 1066 1659 plebem
1109 1608 1120 1618 -

171 1660 344 1733 sollicitare,
365 1669 496 1738 egestate
518 1660 610 1720 simul
634 1680 671 1721 ac
693 1660 798 1721 dolore
821 1660 952 1739 injuriae
972 1682 1066 1724 nova·
1181 1723 1182 1726 ,

107 1765 108 1769 ’
172 1762 241 1801 rum
255 1761 356 1801 rerum
371 1740 523 1820 cupidam,
539 1741 620 1819 quod
633 1740 738 1801 Sullae
752 1740 955 1802 dominatione
975 1762 1067 1821 agros

125 1822 164 1882 20
173 1821 310 1901 bonaque
335 1821 436 1882 omnia
459 1821 611 1894 amiserat,
631 1828 788 1915 praeterea
811 1820 944 1883 latrones
967 1824 1067 1903 eujus

172 1923 231 1981 que
244 1903 368 1981 generis,
384 1922 513 1981 quorum
527 1902 559 1961 in
573 1923 609 1963 ea
623 1922 745 1979 regione
761 1921 875 1980 magna
888 1903 975 1981 eopia
987 1913 1066 1978 erat,
1182 1975 1183 1980 η

172 1983 333 2045 nonnullos
352 2004 391 2043 ex
412 1982 546 2043 Sullanis
566 1983 699 2055 coloniis,
713 1981 824 2061 quibus
844 1981 951 2043 lubido
971 1992 1067 2063 atque

173 2062 297 2123 luxuria
312 2084 350 2125 ex
365 2064 482 2142 magnis
497 2063 611 2141 rapinis
625 2062 702 2122 nihil
716 2062 827 2142 reliqui
840 2062 962 2124 fecerat

216 2144 265 2206 29.
287 2144 335 2204 Ea
356 2165 424 2205 cum
447 2144 584 2205 Ciceroni
605 2143 828 2216 nuntiarentur,
843 2143 970 2224 ancipiti
982 2144 1065 2205 malo

125 2225 164 2285 25
173 2233 333 2303 permotus,
361 2225 442 2304 quod
476 2245 573 2304 neque
600 2223 706 2284 urbem
734 2224 774 2284 ab
800 2223 917 2285 insidiis
943 2225 1066 2303 privato

173 2305 296 2366 consilio
309 2304 428 2385 longius
441 2306 520 2365 tueri
534 2313 662 2386 poterat,
677 2325 773 2383 neque
793 2305 946 2365 exereitus
964 2305 1066 2366 Manli

172 2394 303 2465 quantus
324 2394 377 2446 aut
398 2406 457 2465 quo
477 2385 600 2447 oonsilio
621 2386 698 2446 foret
718 2385 790 2446 satis
810 2395 998 2465 <simpertum
1012 2386 1065 2446 ha-

172 2465 273 2539 bebat,
295 2486 358 2526 rem
379 2467 418 2526 ad
437 2474 576 2528 senatum
601 2466 703 2540 refert,
717 2466 783 2545 jam
803 2474 895 2526 antea
912 2466 996 2545 volgi
1016 2488 1066 2527 ru·

173 2546 305 2607 moribus
332 2547 529 2625 exagitatum.
571 2545 690 2627 Itaque,
717 2546 799 2626 quod
826 2546 1005 2626 plerumque
1032 2548 1064 2607 in

125 2628 164 2687 30
173 2627 268 2689 atroci
281 2627 401 2708 negotio
414 2626 497 2701 solet,
512 2637 634 2690 senatus
655 2626 797 2700 decrevit,
812 2626 920 2688 darent
941 2648 1064 2708 operam

173 2708 377 2781 consulesne
403 2708 476 2787 quid
504 2728 551 2768 res
578 2708 703 2789 publica
731 2708 906 2769 detrimenti
933 2717 1062 2787 caperet.

173 2789 221 2849 Ea
244 2797 375 2868 potestas
399 2809 453 2867 per
476 2799 614 2850 senatum
638 2810 721 2851 more
746 2789 884 2850 Romano
908 2790 1064 2868 magistra-

172 2869 218 2930 tui
242 2889 388 2929 maxuma
411 2870 606 2947 permittitur,
621 2870 790 2931 exereitum
810 2889 929 2949 parare,
948 2869 1063 2930 bellum

172 2970 284 3029 gerere,
306 2970 441 3011 coercere
463 2951 602 3011 omnibus
626 2951 722 3011 modis
745 2950 839 3013 socios
860 2958 953 3029 atque
974 2949 1062 3023 cives,

125 3030 255 3091 sodomi
268 3030 453 3109 militiaeque
467 3030 628 3110 imperium
642 3040 733 3111 atque
746 3030 896 3112 judicium
911 3050 1061 3091 summurn

173 3111 302 3182 habere3
323 3110 412 3170 aliter
425 3110 489 3171 siue
502 3112 608 3190 populi
617 3112 703 3189 jussu
718 3112 832 3173 nullius
845 3131 952 3172 earum
961 3131 1060 3173 rerum

174 3190 289 3249 consuli
298 3191 349 3263 jus
362 3197 415 3248 est.

217 3267 268 3328 30.
290 3268 362 3326 Post
386 3286 497 3345 paucos
524 3269 587 3328 dies
615 3271 650 3330 L.
678 3271 805 3332 Saenius
827 3281 950 3334 senator
970 3272 1004 3333 in
1022 3293 1062 3333 se

175 3354 248 3405 natu
277 3344 393 3406 litteras
420 3345 569 3418 recitavit,
593 3369 667 3427 quas
695 3349 832 3412 Faesulis
859 3352 980 3416 adlatas
1005 3351 1061 3414 sibi
