2392 3692
15 161 18 167 Α
89 127 131 192 28
377 140 404 191 o.
423 140 601 192 sannusrr
622 139 742 192 orror!

137 301 186 362 De
199 301 307 363 Africa
319 310 350 363 et
363 301 426 381 ejus
440 301 545 364 incolis
562 301 602 362 ad
618 301 867 363 necessitudinem
888 304 932 364 rei
951 305 1024 366 satis

136 383 259 444 dictum.

132 497 133 500 ¹
176 463 228 526 20.
250 463 414 542 Postquam
438 463 534 524 diviso
558 483 651 543 regno
675 463 768 542 legati
791 460 901 526 Africa
927 464 1024 527 deces-

136 564 200 604 sere
227 551 257 604 et
284 543 441 622 Jugurtha
469 552 573 604 contra
601 544 740 604 timorem
767 544 861 604 animi
888 547 1024 624 praemia

108 625 254 686 bsceleris
275 624 419 703 adeptum
433 644 494 684 sese
508 625 601 697 videt,
616 632 732 685 certum
752 645 814 685 esse
835 634 927 698 ratus,
941 627 1022 705 quod

135 726 174 766 cx
189 705 293 766 amicis
306 705 388 784 apud
402 704 603 765 Numantiam
617 712 784 784 acceperat,
795 706 896 766 omnia
907 706 1023 768 Romae

134 785 257 847 venalia
277 805 347 858 csse,
365 784 455 846 simul
479 795 509 846 et
533 785 657 846 illorum
681 785 952 864 pollicitationibus
975 808 1023 850 ac·

136 887 250 940 census,
275 886 348 945 quos
375 866 467 945 paulo
491 875 562 926 ante
585 865 761 926 muneribus
783 866 968 946 expleverat,
989 868 1023 928 in

135 967 263 1026 regnum
290 946 476 1007 Adherbalis
503 947 639 1007 animum
666 947 805 1006 intendit.
847 946 916 1026 Ipse
943 968 1022 1022 acer,

89 1027 310 1100 lObellioosus;
338 1035 370 1088 at
397 1027 430 1101 is,
458 1047 548 1106 quem
575 1026 707 1107 petebat,
731 1027 859 1106 quietus,
883 1027 1022 1103 imbellis,

135 1108 255 1187 placido
269 1108 398 1188 ingenio,
413 1118 602 1187 opportunus
621 1108 758 1186 injuriae,
772 1117 908 1168 metuens
926 1111 1023 1188 magis

135 1209 227 1266 quam
255 1189 440 1249 metuendus.
482 1188 583 1267 Igitur
609 1208 649 1248 ex
676 1189 840 1268 improviso
862 1189 937 1250 fines
958 1191 1023 1270 ejus

135 1290 204 1330 cum
218 1290 330 1349 magna
343 1290 435 1330 manu
450 1269 585 1341 invadit;
606 1269 717 1329 multos
734 1269 876 1330 mortales
889 1290 959 1330 cum
972 1291 1022 1350 pe-

135 1371 202 1410 core
223 1359 314 1429 atque
335 1350 397 1410 alia
417 1350 530 1429 praeda
548 1350 638 1428 capit,
652 1349 790 1410 aedificia
803 1346 947 1423 incendit,
960 1350 1022 1429 ple

88 1428 227 1509 15raque
252 1430 318 1492 loca
342 1431 490 1491 hostiliter
513 1451 582 1491 cum
606 1430 743 1508 equitatu
767 1430 892 1503 accedit,
913 1431 1023 1492 deinde

135 1532 204 1572 oum
229 1511 311 1571 omni
334 1510 529 1572 multitudine
550 1511 581 1571 in
603 1531 731 1590 regnum
751 1531 839 1570 suum
860 1513 1020 1586 convortit,

134 1592 320 1652 existumans
342 1590 550 1652 Adherbalem
575 1590 678 1651 dolore
702 1599 871 1670 permotum
895 1591 1022 1671 injurias

134 1693 203 1733 suas
218 1693 309 1732 manu
324 1672 559 1744 vindicaturum,
574 1691 700 1750 eamque
720 1691 784 1731 rem
804 1671 878 1731 belli
898 1692 1021 1733 oausam

134 1754 206 1814 fore.
249 1753 294 1813 At
318 1750 379 1825 ille,
398 1752 479 1831 quod
502 1773 540 1812 ne
562 1773 600 1812 ue
620 1773 651 1812 se
671 1772 775 1831 parem
799 1752 891 1812 armis
910 1753 1021 1814 existu-

86 1833 125 1894 20
134 1834 237 1894 mahat
258 1843 288 1894 et
309 1833 444 1894 amicitia
463 1773 568 1912 popuii
590 1833 722 1892 Romani
741 1833 836 1911 magis
850 1853 942 1910 quam
956 1831 1021 1893 Nu-

134 1915 222 1975 midis
243 1915 338 1974 fretus
358 1922 432 1988 erat,
447 1912 561 1992 legatos
582 1914 621 1973 ad
636 1912 823 1990 Jugurtham
846 1913 883 1973 de
903 1913 1021 1993 injuriis

134 2003 272 2072 questum
308 1994 405 2055 misit:
448 1994 498 2072 qui
536 1994 656 2054 tametsi
690 1993 905 2055 contumeliosa
938 1994 1021 2056 dicta

132 2074 322 2149 rettulerant,
343 2075 427 2154 prius
446 2082 548 2134 tamen
569 2074 670 2134 omnia
690 2074 755 2152 pati
775 2073 909 2135 decrevit
928 2096 1021 2154 quam

132 2154 248 2216 bellum
262 2175 386 2228 sumere,
401 2155 473 2235 quia
486 2162 667 2234 temptatum
682 2162 773 2214 antea
785 2174 869 2215 secus
883 2165 1020 2218 cesserat.

85 2236 123 2295 25
133 2236 240 2315 Neque
248 2256 283 2296 eo
291 2237 387 2316 magis
394 2235 503 2316 cupido
511 2235 685 2314 «Iugurthae
695 2234 897 2308 minuebatur,
909 2236 1021 2376 quippe

132 2317 185 2396 qui
205 2325 303 2376 totum
323 2318 387 2396 ejus
408 2337 534 2396 regnum
555 2317 657 2376 animo
673 2316 739 2394 jam
757 2315 917 2377 invaserat.
976 2326 1021 2377 ta-

133 2418 191 2476 que
205 2417 265 2456 non
279 2397 325 2457 uti
339 2406 429 2458 antea
443 2418 512 2458 cum
526 2395 718 2475 praedatoria
732 2416 834 2468 manu,
845 2396 896 2457 sed
910 2418 1021 2476 magno

132 2478 268 2539 exercitu
290 2487 462 2556 comparato
483 2477 597 2538 bellum
618 2497 721 2557 gerere
749 2497 801 2538 coe
822 2477 846 2537 it
866 2486 896 2537 et
916 2487 1021 2557 aperte

132 2560 224 2620 totius
251 2559 415 2619 Numidiae
441 2558 602 2638 imperium
629 2565 738 2637 petere.
832 2566 932 2618 terum
959 2579 1021 2637 qua

86 2640 124 2700 30
132 2638 286 2718 pergebat,
307 2639 404 2712 urbes,
425 2659 513 2718 agros
533 2649 662 2713 vastare,
684 2637 811 2718 praedas
836 2657 935 2718 agere,
959 2639 1021 2700 suis

133 2720 277 2793 animum,
291 2719 427 2780 hostibus
440 2727 585 2780 terrorem
598 2739 718 2800 augere.

173 2801 218 2863 21.
240 2799 400 2860 Adherbal
414 2799 468 2860 ubi
488 2799 638 2880 intellegit
651 2821 686 2862 eo
700 2819 880 2880 processum,
894 2800 940 2860 uti
955 2821 1019 2879 reg-

134 2902 208 2941 num
242 2889 296 2941 aut
331 2879 561 2958 relinquendum
588 2890 664 2942 esset
691 2889 746 2940 aut
772 2880 864 2940 armis
891 2881 1020 2940 retinen-

134 2960 216 3035 dum,
237 2960 401 3022 necessario
426 2961 526 3040 copias
549 2972 639 3041 parat
661 2969 692 3022 et
715 2960 890 3040 Jugurthae
912 2960 1020 3023 obvius

87 3041 125 3101 35
135 3043 278 3122 procedit.
320 3041 449 3101 Interim
467 3040 551 3101 haud
569 3042 658 3121 longe
671 3062 691 3102 a
704 3042 781 3101 mari
795 3061 889 3120 prope
902 3040 1020 3102 Cirtam

135 3122 279 3200 oppidum
303 3122 461 3199 utriusque
484 3123 634 3182 exercitus
658 3122 800 3193 consedit,
816 3130 848 3182 et
868 3122 940 3200 quia
960 3122 1020 3182 diei

135 3211 305 3260 extremum
329 3209 403 3272 erat,
424 3201 571 3279 proelium
598 3222 659 3261 non
683 3202 846 3280 inceptum.
887 3201 946 3262 Sed
966 3201 1021 3261 ubi

136 3279 313 3357 plerumque
336 3281 432 3340 noctis
455 3281 605 3359 processit,
627 3280 752 3341 obscuro
774 3282 866 3341 etiam
889 3291 954 3342 tum
976 3281 1021 3341 lu·

136 3358 225 3430 mine,
240 3358 350 3421 milites
370 3358 552 3440 «Iugurthini
571 3359 657 3438 signo
677 3360 749 3420 dato
769 3371 869 3420 castra
889 3361 1021 3423 hostium
