<?xml version="1.0" encoding="UTF-8"?>
<!DOCTYPE html PUBLIC "-//W3C//DTD XHTML 1.0 Transitional//EN"
    "http://www.w3.org/TR/xhtml1/DTD/xhtml1-transitional.dtd">
<html xmlns="http://www.w3.org/1999/xhtml" xml:lang="en" lang="en">
 <head>
  <title>
</title>
<meta http-equiv="Content-Type" content="text/html;charset=utf-8" />
  <meta name='ocr-system' content='tesseract 3.04.00' />
  <meta name='ocr-capabilities' content='ocr_page ocr_carea ocr_par ocr_line ocrx_word'/>
</head>
<body>
  <div class='ocr_page' id='page_1' title='image "./csallusticrispi00stuagoog_0109.png"; bbox 0 0 2392 3692; ppageno 0'>
   <div class='ocr_carea' id='block_1_1' title="bbox 348 124 1107 185">
    <p class='ocr_par' dir='ltr' id='par_1_1' title="bbox 348 124 1107 185">
     <span class='ocr_line' id='line_1_1' title="bbox 348 124 1107 185; baseline 0 -2"><span class='ocrx_word' id='word_1_1' title='bbox 348 136 402 183; x_wconf 81' lang='lat' dir='ltr'>nr</span> <span class='ocrx_word' id='word_1_2' title='bbox 425 133 709 184; x_wconf 72' lang='lat' dir='ltr'>corruasrronn</span> <span class='ocrx_word' id='word_1_3' title='bbox 730 134 938 185; x_wconf 69' lang='lat' dir='ltr'>osrrrrusr.</span> <span class='ocrx_word' id='word_1_4' title='bbox 1046 124 1107 183; x_wconf 88' lang='lat'>101</span> 
     </span>
    </p>
   </div>
   <div class='ocr_carea' id='block_1_2' title="bbox 168 290 1156 3431">
    <p class='ocr_par' dir='ltr' id='par_1_2' title="bbox 171 290 1110 935">
     <span class='ocr_line' id='line_1_2' title="bbox 213 290 1063 371; baseline -0.004 -17"><span class='ocrx_word' id='word_1_5' title='bbox 213 293 258 354; x_wconf 83' lang='lat'>15.</span> <span class='ocrx_word' id='word_1_6' title='bbox 280 291 352 352; x_wconf 85' lang='lat' dir='ltr'>Jam</span> <span class='ocrx_word' id='word_1_7' title='bbox 377 291 509 371; x_wconf 90' lang='lat' dir='ltr'>primum</span> <span class='ocrx_word' id='word_1_8' title='bbox 537 290 712 351; x_wconf 85' lang='lat' dir='ltr'>adulescens</span> <span class='ocrx_word' id='word_1_9' title='bbox 735 290 869 351; x_wconf 82' lang='lat' dir='ltr'>Catilina</span> <span class='ocrx_word' id='word_1_10' title='bbox 892 290 991 351; x_wconf 87' lang='lat' dir='ltr'>multa</span> <span class='ocrx_word' id='word_1_11' title='bbox 1013 310 1063 351; x_wconf 84' lang='lat' dir='ltr'>ne</span> 
     </span>
     <span class='ocr_line' id='line_1_3' title="bbox 174 370 1062 451; baseline -0.002 -19"><span class='ocrx_word' id='word_1_12' title='bbox 174 371 268 432; x_wconf 88' lang='lat' dir='ltr'>fanda</span> <span class='ocrx_word' id='word_1_13' title='bbox 281 380 387 451; x_wconf 88' lang='lat' dir='ltr'>stupra</span> <span class='ocrx_word' id='word_1_14' title='bbox 401 372 522 445; x_wconf 82' lang='lat' dir='ltr'>fecerat,</span> <span class='ocrx_word' id='word_1_15' title='bbox 538 391 608 431; x_wconf 92' lang='lat' dir='ltr'>cum</span> <span class='ocrx_word' id='word_1_16' title='bbox 620 370 740 450; x_wconf 79' lang='lat' dir='ltr'>virgine</span> <span class='ocrx_word' id='word_1_17' title='bbox 760 371 864 445; x_wconf 93' lang='lat' dir='ltr'>nobili,</span> <span class='ocrx_word' id='word_1_18' title='bbox 878 392 948 432; x_wconf 90' lang='lat' dir='ltr'>cum</span> <span class='ocrx_word' id='word_1_19' title='bbox 967 391 1062 432; x_wconf 85' lang='lat' dir='ltr'>saeer-</span> 
     </span>
     <span class='ocr_line' id='line_1_4' title="bbox 173 451 1061 545; baseline 0 -34"><span class='ocrx_word' id='word_1_20' title='bbox 173 453 243 513; x_wconf 91' lang='lat' dir='ltr'>dote</span> <span class='ocrx_word' id='word_1_21' title='bbox 262 452 383 525; x_wconf 89' lang='lat' dir='ltr'>Vestae,</span> <span class='ocrx_word' id='word_1_22' title='bbox 405 452 466 511; x_wconf 87' lang='lat' dir='ltr'>alia</span> <span class='ocrx_word' id='word_1_23' title='bbox 489 452 615 531; x_wconf 88' lang='lat' dir='ltr'>hujusce</span> <span class='ocrx_word' id='word_1_24' title='bbox 638 451 720 512; x_wconf 90' lang='lat' dir='ltr'>modi</span> <span class='ocrx_word' id='word_1_25' title='bbox 747 460 853 513; x_wconf 87' lang='lat' dir='ltr'>contra</span> <span class='ocrx_word' id='word_1_26' title='bbox 874 453 926 545; x_wconf 82' lang='lat' dir='ltr'>jus</span> <span class='ocrx_word' id='word_1_27' title='bbox 949 451 1061 530; x_wconf 83' lang='lat' dir='ltr'>fasque.</span> 
     </span>
     <span class='ocr_line' id='line_1_5' title="bbox 174 530 1062 611; baseline 0 -19"><span class='ocrx_word' id='word_1_28' title='bbox 174 532 329 594; x_wconf 82' lang='lat' dir='ltr'>Postremo</span> <span class='ocrx_word' id='word_1_29' title='bbox 356 541 462 611; x_wconf 89' lang='lat' dir='ltr'>captus</span> <span class='ocrx_word' id='word_1_30' title='bbox 489 552 592 593; x_wconf 89' lang='lat' dir='ltr'>amore</span> <span class='ocrx_word' id='word_1_31' title='bbox 612 530 760 593; x_wconf 82' lang='lat' dir='ltr'>Aureliae</span> <span class='ocrx_word' id='word_1_32' title='bbox 785 530 955 606; x_wconf 71' lang='lat' dir='ltr'>Orestillae,</span> <span class='ocrx_word' id='word_1_33' title='bbox 976 533 1062 611; x_wconf 86' lang='lat' dir='ltr'>cujus</span> 
     </span>
     <span class='ocr_line' id='line_1_6' title="bbox 172 612 1110 692; baseline -0.002 -17"><span class='ocrx_word' id='word_1_34' title='bbox 172 623 292 692; x_wconf 89' lang='lat' dir='ltr'>praeter</span> <span class='ocrx_word' id='word_1_35' title='bbox 305 614 434 673; x_wconf 84' lang='lat' dir='ltr'>formam</span> <span class='ocrx_word' id='word_1_36' title='bbox 449 612 526 672; x_wconf 88' lang='lat' dir='ltr'>nihil</span> <span class='ocrx_word' id='word_1_37' title='bbox 541 632 687 691; x_wconf 90' lang='lat' dir='ltr'>umquam</span> <span class='ocrx_word' id='word_1_38' title='bbox 703 612 799 673; x_wconf 90' lang='lat' dir='ltr'>bonus</span> <span class='ocrx_word' id='word_1_39' title='bbox 819 613 967 686; x_wconf 86' lang='lat' dir='ltr'>laudavit,</span> <span class='ocrx_word' id='word_1_40' title='bbox 981 612 1063 691; x_wconf 93' lang='lat' dir='ltr'>quod</span> <span class='ocrx_word' id='word_1_41' title='bbox 1091 615 1110 673; x_wconf 83' lang='lat'>5</span> 
     </span>
     <span class='ocr_line' id='line_1_7' title="bbox 171 692 1063 773; baseline -0.001 -19"><span class='ocrx_word' id='word_1_42' title='bbox 171 716 208 754; x_wconf 94' lang='lat' dir='ltr'>ea</span> <span class='ocrx_word' id='word_1_43' title='bbox 231 694 345 755; x_wconf 88' lang='lat' dir='ltr'>nubere</span> <span class='ocrx_word' id='word_1_44' title='bbox 369 694 417 753; x_wconf 93' lang='lat' dir='ltr'>illi</span> <span class='ocrx_word' id='word_1_45' title='bbox 440 692 611 766; x_wconf 80' lang='lat' dir='ltr'>dubitabat,</span> <span class='ocrx_word' id='word_1_46' title='bbox 631 693 741 754; x_wconf 91' lang='lat' dir='ltr'>timens</span> <span class='ocrx_word' id='word_1_47' title='bbox 760 693 935 773; x_wconf 88' lang='lat' dir='ltr'>privignum</span> <span class='ocrx_word' id='word_1_48' title='bbox 954 692 1063 753; x_wconf 88' lang='lat' dir='ltr'>adulta</span> 
     </span>
     <span class='ocr_line' id='line_1_8' title="bbox 172 773 1062 855; baseline -0.002 -20"><span class='ocrx_word' id='word_1_49' title='bbox 172 784 279 849; x_wconf 88' lang='lat' dir='ltr'>aetate,</span> <span class='ocrx_word' id='word_1_50' title='bbox 291 796 346 855; x_wconf 92' lang='lat' dir='ltr'>pro</span> <span class='ocrx_word' id='word_1_51' title='bbox 360 783 441 837; x_wconf 87' lang='lat' dir='ltr'>certo</span> <span class='ocrx_word' id='word_1_52' title='bbox 455 774 590 835; x_wconf 88' lang='lat' dir='ltr'>creditur</span> <span class='ocrx_word' id='word_1_53' title='bbox 604 782 711 834; x_wconf 84' lang='lat' dir='ltr'>necato</span> <span class='ocrx_word' id='word_1_54' title='bbox 724 773 788 834; x_wconf 90' lang='lat' dir='ltr'>filio</span> <span class='ocrx_word' id='word_1_55' title='bbox 798 794 928 835; x_wconf 88' lang='lat' dir='ltr'>vacuam</span> <span class='ocrx_word' id='word_1_56' title='bbox 938 773 1062 833; x_wconf 90' lang='lat' dir='ltr'>domum</span> 
     </span>
     <span class='ocr_line' id='line_1_9' title="bbox 171 854 1062 935; baseline -0.002 -19"><span class='ocrx_word' id='word_1_57' title='bbox 171 856 301 917; x_wconf 86' lang='lat' dir='ltr'>scelestis</span> <span class='ocrx_word' id='word_1_58' title='bbox 325 856 439 935; x_wconf 92' lang='lat' dir='ltr'>nuptiis</span> <span class='ocrx_word' id='word_1_59' title='bbox 462 854 574 915; x_wconf 87' lang='lat' dir='ltr'>fecisse.</span> <span class='ocrx_word' id='word_1_60' title='bbox 617 854 706 931; x_wconf 74' lang='lat' dir='ltr'>Quae</span> <span class='ocrx_word' id='word_1_61' title='bbox 726 855 849 933; x_wconf 91' lang='lat' dir='ltr'>quidem</span> <span class='ocrx_word' id='word_1_62' title='bbox 868 874 916 915; x_wconf 89' lang='lat' dir='ltr'>res</span> <span class='ocrx_word' id='word_1_63' title='bbox 936 854 1012 914; x_wconf 89' lang='lat' dir='ltr'>mihi</span> <span class='ocrx_word' id='word_1_64' title='bbox 1029 854 1062 914; x_wconf 90' lang='lat' dir='ltr'>iu</span> 
     </span>
    </p>

    <p class='ocr_par' dir='ltr' id='par_1_3' title="bbox 170 934 1109 1256">
     <span class='ocr_line' id='line_1_10' title="bbox 192 934 1059 998; baseline -0.001 -3"><span class='ocrx_word' id='word_1_65' title='bbox 192 937 276 997; x_wconf 87' lang='lat' dir='ltr'>rimis</span> <span class='ocrx_word' id='word_1_66' title='bbox 303 936 425 998; x_wconf 90' lang='lat' dir='ltr'>videtur</span> <span class='ocrx_word' id='word_1_67' title='bbox 452 954 543 997; x_wconf 86' lang='lat' dir='ltr'>causa</span> <span class='ocrx_word' id='word_1_68' title='bbox 575 934 667 995; x_wconf 72' lang='lat' dir='ltr'>fuiffle</span> <span class='ocrx_word' id='word_1_69' title='bbox 701 934 844 995; x_wconf 85' lang='lat' dir='ltr'>facinoris</span> <span class='ocrx_word' id='word_1_70' title='bbox 877 934 1059 995; x_wconf 89' lang='lat' dir='ltr'>maturandi.</span> 
     </span>
     <span class='ocr_line' id='line_1_11' title="bbox 171 956 1109 1097; baseline 0 -22"><span class='ocrx_word' id='word_1_71' title='bbox 171 956 312 1097; x_wconf 75' lang='lat' dir='ltr'>llamque</span> <span class='ocrx_word' id='word_1_72' title='bbox 326 1016 445 1077; x_wconf 89' lang='lat' dir='ltr'>animus</span> <span class='ocrx_word' id='word_1_73' title='bbox 459 1016 606 1097; x_wconf 88' lang='lat' dir='ltr'>impurus,</span> <span class='ocrx_word' id='word_1_74' title='bbox 620 1015 666 1074; x_wconf 93' lang='lat' dir='ltr'>dis</span> <span class='ocrx_word' id='word_1_75' title='bbox 682 1014 914 1095; x_wconf 77' lang='lat' dir='ltr'>hominibusque</span> <span class='ocrx_word' id='word_1_76' title='bbox 927 1015 1060 1088; x_wconf 80' lang='lat' dir='ltr'>infestus,</span> <span class='ocrx_word' id='word_1_77' title='bbox 1071 1017 1109 1075; x_wconf 88' lang='grc'>10</span> 
     </span>
     <span class='ocr_line' id='line_1_12' title="bbox 170 1094 1062 1177; baseline 0.001 -22"><span class='ocrx_word' id='word_1_78' title='bbox 170 1118 268 1177; x_wconf 89' lang='lat' dir='ltr'>neque</span> <span class='ocrx_word' id='word_1_79' title='bbox 290 1097 404 1177; x_wconf 86' lang='lat' dir='ltr'>vigiliis</span> <span class='ocrx_word' id='word_1_80' title='bbox 430 1117 528 1177; x_wconf 91' lang='lat' dir='ltr'>neque</span> <span class='ocrx_word' id='word_1_81' title='bbox 554 1094 708 1177; x_wconf 82' lang='lat' dir='ltr'>quietibus</span> <span class='ocrx_word' id='word_1_82' title='bbox 733 1095 832 1157; x_wconf 87' lang='lat' dir='ltr'>sedari</span> <span class='ocrx_word' id='word_1_83' title='bbox 856 1104 990 1175; x_wconf 90' lang='lat' dir='ltr'>poterat;</span> <span class='ocrx_word' id='word_1_84' title='bbox 1017 1096 1062 1156; x_wconf 88' lang='lat' dir='ltr'>ita</span> 
     </span>
     <span class='ocr_line' id='line_1_13' title="bbox 170 1175 1061 1256; baseline -0.003 -18"><span class='ocrx_word' id='word_1_85' title='bbox 170 1178 353 1239; x_wconf 87' lang='lat' dir='ltr'>conscientia</span> <span class='ocrx_word' id='word_1_86' title='bbox 373 1187 506 1239; x_wconf 88' lang='lat' dir='ltr'>mentem</span> <span class='ocrx_word' id='word_1_87' title='bbox 525 1177 660 1238; x_wconf 85' lang='lat' dir='ltr'>excitam</span> <span class='ocrx_word' id='word_1_88' title='bbox 674 1175 823 1237; x_wconf 84' lang='lat' dir='ltr'>vastabat.</span> <span class='ocrx_word' id='word_1_89' title='bbox 865 1175 966 1256; x_wconf 87' lang='lat' dir='ltr'>Igitur</span> <span class='ocrx_word' id='word_1_90' title='bbox 979 1176 1061 1238; x_wconf 90' lang='lat' dir='ltr'>color</span> 
     </span>
    </p>

    <p class='ocr_par' dir='ltr' id='par_1_4' title="bbox 169 1256 1059 1418">
     <span class='ocr_line' id='line_1_14' title="bbox 170 1256 1059 1338; baseline -0.003 -19"><span class='ocrx_word' id='word_1_91' title='bbox 170 1259 197 1319; x_wconf 93' lang='lat' dir='ltr'>ei</span> <span class='ocrx_word' id='word_1_92' title='bbox 217 1259 389 1338; x_wconf 87' lang='lat' dir='ltr'>exsanguis,</span> <span class='ocrx_word' id='word_1_93' title='bbox 410 1259 491 1319; x_wconf 84' lang='lat' dir='ltr'>foedi</span> <span class='ocrx_word' id='word_1_94' title='bbox 515 1256 605 1331; x_wconf 92' lang='lat' dir='ltr'>oculi,</span> <span class='ocrx_word' id='word_1_95' title='bbox 620 1258 697 1319; x_wconf 88' lang='lat' dir='ltr'>citus</span> <span class='ocrx_word' id='word_1_96' title='bbox 721 1257 820 1330; x_wconf 93' lang='lat' dir='ltr'>modo,</span> <span class='ocrx_word' id='word_1_97' title='bbox 841 1256 930 1317; x_wconf 92' lang='lat' dir='ltr'>modo</span> <span class='ocrx_word' id='word_1_98' title='bbox 952 1256 1059 1317; x_wconf 87' lang='lat' dir='ltr'>tardus</span> 
     </span>
     <span class='ocr_line' id='line_1_15' title="bbox 169 1337 1032 1418; baseline -0.001 -20"><span class='ocrx_word' id='word_1_99' title='bbox 169 1339 319 1412; x_wconf 84' lang='lat' dir='ltr'>incessus;</span> <span class='ocrx_word' id='word_1_100' title='bbox 339 1360 460 1418; x_wconf 86' lang='lat' dir='ltr'>prorsus</span> <span class='ocrx_word' id='word_1_101' title='bbox 474 1338 507 1399; x_wconf 91' lang='lat' dir='ltr'>in</span> <span class='ocrx_word' id='word_1_102' title='bbox 521 1339 598 1400; x_wconf 81' lang='lat' dir='ltr'>facie</span> <span class='ocrx_word' id='word_1_103' title='bbox 612 1338 759 1417; x_wconf 84' lang='lat' dir='ltr'>voltuque</span> <span class='ocrx_word' id='word_1_104' title='bbox 771 1337 913 1400; x_wconf 84' lang='lat' dir='ltr'>vecordia</span> <span class='ocrx_word' id='word_1_105' title='bbox 925 1337 1032 1398; x_wconf 86' lang='lat' dir='ltr'>inerat.</span> 
     </span>
    </p>

    <p class='ocr_par' dir='ltr' id='par_1_5' title="bbox 168 1417 1108 2948">
     <span class='ocr_line' id='line_1_16' title="bbox 209 1417 1108 1500; baseline -0.004 -19"><span class='ocrx_word' id='word_1_106' title='bbox 209 1420 256 1481; x_wconf 88' lang='grc'>16.</span> <span class='ocrx_word' id='word_1_107' title='bbox 284 1418 344 1481; x_wconf 75' lang='lat' dir='ltr'>Sed</span> <span class='ocrx_word' id='word_1_108' title='bbox 366 1421 569 1500; x_wconf 85' lang='lat' dir='ltr'>juventutem,</span> <span class='ocrx_word' id='word_1_109' title='bbox 598 1439 699 1498; x_wconf 88' lang='lat' dir='ltr'>quam,</span> <span class='ocrx_word' id='word_1_110' title='bbox 727 1428 762 1479; x_wconf 91' lang='lat' dir='ltr'>ut</span> <span class='ocrx_word' id='word_1_111' title='bbox 795 1439 888 1498; x_wconf 91' lang='lat' dir='ltr'>supra</span> <span class='ocrx_word' id='word_1_112' title='bbox 918 1418 1060 1491; x_wconf 85' lang='lat' dir='ltr'>diximus,</span> <span class='ocrx_word' id='word_1_113' title='bbox 1070 1417 1108 1477; x_wconf 84' lang='lat'>15</span> 
     </span>
     <span class='ocr_line' id='line_1_17' title="bbox 169 1498 1060 1573; baseline -0.003 -13"><span class='ocrx_word' id='word_1_114' title='bbox 169 1500 319 1573; x_wconf 82' lang='lat' dir='ltr'>illexerat,</span> <span class='ocrx_word' id='word_1_115' title='bbox 333 1500 437 1561; x_wconf 90' lang='lat' dir='ltr'>multis</span> <span class='ocrx_word' id='word_1_116' title='bbox 458 1501 554 1561; x_wconf 89' lang='lat' dir='ltr'>modis</span> <span class='ocrx_word' id='word_1_117' title='bbox 568 1500 651 1560; x_wconf 89' lang='lat' dir='ltr'>mala</span> <span class='ocrx_word' id='word_1_118' title='bbox 664 1499 801 1561; x_wconf 83' lang='lat' dir='ltr'>facinora</span> <span class='ocrx_word' id='word_1_119' title='bbox 814 1498 966 1561; x_wconf 87' lang='lat' dir='ltr'>edocebat.</span> <span class='ocrx_word' id='word_1_120' title='bbox 1008 1498 1060 1558; x_wconf 84' lang='lat' dir='ltr'>Ex</span> 
     </span>
     <span class='ocr_line' id='line_1_18' title="bbox 168 1579 1059 1661; baseline -0.002 -21"><span class='ocrx_word' id='word_1_121' title='bbox 168 1581 229 1644; x_wconf 88' lang='lat' dir='ltr'>illis</span> <span class='ocrx_word' id='word_1_122' title='bbox 253 1589 342 1641; x_wconf 89' lang='lat' dir='ltr'>testes</span> <span class='ocrx_word' id='word_1_123' title='bbox 365 1582 588 1661; x_wconf 82' lang='lat' dir='ltr'>signatoresque</span> <span class='ocrx_word' id='word_1_124' title='bbox 612 1580 703 1641; x_wconf 84' lang='lat' dir='ltr'>falsos</span> <span class='ocrx_word' id='word_1_125' title='bbox 726 1580 932 1653; x_wconf 90' lang='lat' dir='ltr'>commodare;</span> <span class='ocrx_word' id='word_1_126' title='bbox 959 1579 1059 1653; x_wconf 88' lang='lat' dir='ltr'>fidem,</span> 
     </span>
     <span class='ocr_line' id='line_1_19' title="bbox 169 1660 1059 1741; baseline -0.001 -21"><span class='ocrx_word' id='word_1_127' title='bbox 169 1662 315 1735; x_wconf 86' lang='lat' dir='ltr'>fortunas,</span> <span class='ocrx_word' id='word_1_128' title='bbox 336 1661 473 1741; x_wconf 87' lang='lat' dir='ltr'>pericula</span> <span class='ocrx_word' id='word_1_129' title='bbox 492 1661 567 1724; x_wconf 90' lang='lat' dir='ltr'>vilia</span> <span class='ocrx_word' id='word_1_130' title='bbox 586 1660 709 1734; x_wconf 89' lang='lat' dir='ltr'>habere,</span> <span class='ocrx_word' id='word_1_131' title='bbox 728 1670 804 1741; x_wconf 88' lang='lat' dir='ltr'>post,</span> <span class='ocrx_word' id='word_1_132' title='bbox 818 1661 873 1721; x_wconf 92' lang='lat' dir='ltr'>ubi</span> <span class='ocrx_word' id='word_1_133' title='bbox 892 1681 997 1721; x_wconf 91' lang='lat' dir='ltr'>eorum</span> <span class='ocrx_word' id='word_1_134' title='bbox 1017 1661 1059 1720; x_wconf 82' lang='lat' dir='ltr'>fa</span> 
     </span>
     <span class='ocr_line' id='line_1_20' title="bbox 169 1741 1059 1822; baseline 0 -22"><span class='ocrx_word' id='word_1_135' title='bbox 169 1762 250 1801; x_wconf 91' lang='lat' dir='ltr'>mam</span> <span class='ocrx_word' id='word_1_136' title='bbox 266 1750 356 1822; x_wconf 86' lang='lat' dir='ltr'>atque</span> <span class='ocrx_word' id='word_1_137' title='bbox 370 1743 516 1821; x_wconf 91' lang='lat' dir='ltr'>pudorem</span> <span class='ocrx_word' id='word_1_138' title='bbox 530 1742 701 1816; x_wconf 88' lang='lat' dir='ltr'>attriverat,</span> <span class='ocrx_word' id='word_1_139' title='bbox 715 1744 832 1822; x_wconf 90' lang='lat' dir='ltr'>majora</span> <span class='ocrx_word' id='word_1_140' title='bbox 851 1741 914 1803; x_wconf 90' lang='lat' dir='ltr'>alia</span> <span class='ocrx_word' id='word_1_141' title='bbox 932 1742 1059 1821; x_wconf 84' lang='lat' dir='ltr'>impera</span> 
     </span>
     <span class='ocr_line' id='line_1_21' title="bbox 168 1821 1107 1902; baseline 0 -20"><span class='ocrx_word' id='word_1_142' title='bbox 168 1822 231 1883; x_wconf 86' lang='lat' dir='ltr'>bat.</span> <span class='ocrx_word' id='word_1_143' title='bbox 273 1821 306 1883; x_wconf 83' lang='lat' dir='ltr'>Si</span> <span class='ocrx_word' id='word_1_144' title='bbox 320 1842 411 1884; x_wconf 90' lang='lat' dir='ltr'>causa</span> <span class='ocrx_word' id='word_1_145' title='bbox 424 1821 570 1902; x_wconf 91' lang='lat' dir='ltr'>peccandi</span> <span class='ocrx_word' id='word_1_146' title='bbox 590 1822 623 1882; x_wconf 91' lang='lat' dir='ltr'>in</span> <span class='ocrx_word' id='word_1_147' title='bbox 643 1843 783 1902; x_wconf 82' lang='lat' dir='ltr'>praesens</span> <span class='ocrx_word' id='word_1_148' title='bbox 803 1823 904 1883; x_wconf 89' lang='lat' dir='ltr'>minus</span> <span class='ocrx_word' id='word_1_149' title='bbox 922 1824 1107 1901; x_wconf 81' lang='lat' dir='ltr'>suppete20</span> 
     </span>
     <span class='ocr_line' id='line_1_22' title="bbox 168 1903 1058 1976; baseline 0 -13"><span class='ocrx_word' id='word_1_150' title='bbox 168 1903 232 1975; x_wconf 89' lang='lat' dir='ltr'>bat,</span> <span class='ocrx_word' id='word_1_151' title='bbox 247 1903 342 1963; x_wconf 92' lang='lat' dir='ltr'>nihilo</span> <span class='ocrx_word' id='word_1_152' title='bbox 356 1904 456 1963; x_wconf 86' lang='lat' dir='ltr'>minus</span> <span class='ocrx_word' id='word_1_153' title='bbox 469 1903 601 1963; x_wconf 81' lang='lat' dir='ltr'>insontes</span> <span class='ocrx_word' id='word_1_154' title='bbox 613 1903 703 1964; x_wconf 89' lang='lat' dir='ltr'>sicuti</span> <span class='ocrx_word' id='word_1_155' title='bbox 716 1912 815 1965; x_wconf 88' lang='lat' dir='ltr'>sontes</span> <span class='ocrx_word' id='word_1_156' title='bbox 830 1904 1058 1976; x_wconf 88' lang='lat' dir='ltr'>circumvenire,</span> 
     </span>
     <span class='ocr_line' id='line_1_23' title="bbox 172 1983 1059 2065; baseline 0.002 -22"><span class='ocrx_word' id='word_1_157' title='bbox 172 1983 330 2065; x_wconf 82' lang='lat' dir='ltr'>jugulare3</span> <span class='ocrx_word' id='word_1_158' title='bbox 351 1983 527 2057; x_wconf 70' lang='lat' dir='ltr'>scilicetne</span> <span class='ocrx_word' id='word_1_159' title='bbox 546 2004 602 2063; x_wconf 91' lang='lat' dir='ltr'>per</span> <span class='ocrx_word' id='word_1_160' title='bbox 620 1984 716 2044; x_wconf 90' lang='lat' dir='ltr'>otium</span> <span class='ocrx_word' id='word_1_161' title='bbox 734 1993 938 2065; x_wconf 82' lang='lat' dir='ltr'>torpescerent</span> <span class='ocrx_word' id='word_1_162' title='bbox 951 2005 1059 2045; x_wconf 90' lang='lat' dir='ltr'>manus</span> 
     </span>
     <span class='ocr_line' id='line_1_24' title="bbox 169 2064 1058 2145; baseline 0.001 -20"><span class='ocrx_word' id='word_1_163' title='bbox 169 2073 223 2126; x_wconf 90' lang='lat' dir='ltr'>aut</span> <span class='ocrx_word' id='word_1_164' title='bbox 250 2064 378 2137; x_wconf 91' lang='lat' dir='ltr'>animus,</span> <span class='ocrx_word' id='word_1_165' title='bbox 398 2066 532 2143; x_wconf 86' lang='lat' dir='ltr'>gratuito</span> <span class='ocrx_word' id='word_1_166' title='bbox 558 2065 658 2143; x_wconf 89' lang='lat' dir='ltr'>potius</span> <span class='ocrx_word' id='word_1_167' title='bbox 684 2065 783 2125; x_wconf 90' lang='lat' dir='ltr'>malus</span> <span class='ocrx_word' id='word_1_168' title='bbox 810 2074 902 2145; x_wconf 91' lang='lat' dir='ltr'>atque</span> <span class='ocrx_word' id='word_1_169' title='bbox 929 2066 1058 2127; x_wconf 91' lang='lat' dir='ltr'>erudelis</span> 
     </span>
     <span class='ocr_line' id='line_1_25' title="bbox 169 2144 1058 2224; baseline 0.001 -20"><span class='ocrx_word' id='word_1_170' title='bbox 169 2152 243 2205; x_wconf 90' lang='lat' dir='ltr'>erat.</span> <span class='ocrx_word' id='word_1_171' title='bbox 285 2144 339 2205; x_wconf 80' lang='lat' dir='ltr'>Eis</span> <span class='ocrx_word' id='word_1_172' title='bbox 362 2145 466 2205; x_wconf 89' lang='lat' dir='ltr'>amicis</span> <span class='ocrx_word' id='word_1_173' title='bbox 489 2145 635 2224; x_wconf 88' lang='lat' dir='ltr'>sociisque</span> <span class='ocrx_word' id='word_1_174' title='bbox 658 2146 786 2206; x_wconf 84' lang='lat' dir='ltr'>confisus</span> <span class='ocrx_word' id='word_1_175' title='bbox 806 2146 948 2220; x_wconf 87' lang='lat' dir='ltr'>Catilina,</span> <span class='ocrx_word' id='word_1_176' title='bbox 968 2146 1058 2207; x_wconf 89' lang='lat' dir='ltr'>simul</span> 
     </span>
     <span class='ocr_line' id='line_1_26' title="bbox 169 2224 1106 2306; baseline 0.001 -22"><span class='ocrx_word' id='word_1_177' title='bbox 169 2225 250 2303; x_wconf 94' lang='lat' dir='ltr'>quod</span> <span class='ocrx_word' id='word_1_178' title='bbox 271 2244 320 2285; x_wconf 88' lang='lat' dir='ltr'>aes</span> <span class='ocrx_word' id='word_1_179' title='bbox 341 2224 473 2285; x_wconf 91' lang='lat' dir='ltr'>alienum</span> <span class='ocrx_word' id='word_1_180' title='bbox 494 2246 548 2305; x_wconf 89' lang='lat' dir='ltr'>per</span> <span class='ocrx_word' id='word_1_181' title='bbox 568 2246 671 2287; x_wconf 91' lang='lat' dir='ltr'>omnes</span> <span class='ocrx_word' id='word_1_182' title='bbox 690 2235 787 2286; x_wconf 88' lang='lat' dir='ltr'>terras</span> <span class='ocrx_word' id='word_1_183' title='bbox 807 2228 913 2306; x_wconf 88' lang='lat' dir='ltr'>ingens</span> <span class='ocrx_word' id='word_1_184' title='bbox 933 2236 1007 2300; x_wconf 90' lang='lat' dir='ltr'>erat,</span> <span class='ocrx_word' id='word_1_185' title='bbox 1027 2228 1106 2288; x_wconf 69' lang='lat' dir='ltr'>erra</span> 
     </span>
     <span class='ocr_line' id='line_1_27' title="bbox 169 2304 1058 2387; baseline 0.002 -22"><span class='ocrx_word' id='word_1_186' title='bbox 169 2306 249 2384; x_wconf 93' lang='lat' dir='ltr'>quod</span> <span class='ocrx_word' id='word_1_187' title='bbox 270 2305 406 2385; x_wconf 90' lang='lat' dir='ltr'>plerique</span> <span class='ocrx_word' id='word_1_188' title='bbox 425 2304 545 2366; x_wconf 79' lang='lat' dir='ltr'>Sullani</span> <span class='ocrx_word' id='word_1_189' title='bbox 565 2306 684 2380; x_wconf 87' lang='lat' dir='ltr'>milites,</span> <span class='ocrx_word' id='word_1_190' title='bbox 704 2306 818 2386; x_wconf 88' lang='lat' dir='ltr'>largius</span> <span class='ocrx_word' id='word_1_191' title='bbox 837 2328 891 2368; x_wconf 93' lang='lat' dir='ltr'>suo</span> <span class='ocrx_word' id='word_1_192' title='bbox 911 2308 966 2381; x_wconf 88' lang='lat' dir='ltr'>usi,</span> <span class='ocrx_word' id='word_1_193' title='bbox 981 2309 1058 2387; x_wconf 89' lang='lat' dir='ltr'>rapi-</span> 
     </span>
     <span class='ocr_line' id='line_1_28' title="bbox 169 2386 1057 2449; baseline 0.001 -2"><span class='ocrx_word' id='word_1_194' title='bbox 169 2406 278 2447; x_wconf 90' lang='lat' dir='ltr'>narum</span> <span class='ocrx_word' id='word_1_195' title='bbox 305 2394 335 2446; x_wconf 89' lang='lat' dir='ltr'>et</span> <span class='ocrx_word' id='word_1_196' title='bbox 359 2386 503 2448; x_wconf 81' lang='lat' dir='ltr'>victoriae</span> <span class='ocrx_word' id='word_1_197' title='bbox 526 2388 637 2448; x_wconf 87' lang='lat' dir='ltr'>veteris</span> <span class='ocrx_word' id='word_1_198' title='bbox 661 2408 806 2448; x_wconf 90' lang='lat' dir='ltr'>memores</span> <span class='ocrx_word' id='word_1_199' title='bbox 830 2388 919 2449; x_wconf 91' lang='lat' dir='ltr'>civile</span> <span class='ocrx_word' id='word_1_200' title='bbox 941 2388 1057 2449; x_wconf 87' lang='lat' dir='ltr'>bellurn</span> 
     </span>
     <span class='ocr_line' id='line_1_29' title="bbox 169 2467 1057 2547; baseline 0.003 -21"><span class='ocrx_word' id='word_1_201' title='bbox 169 2467 364 2546; x_wconf 84' lang='lat' dir='ltr'>exoptabant,</span> <span class='ocrx_word' id='word_1_202' title='bbox 395 2467 615 2545; x_wconf 89' lang='lat' dir='ltr'>opprimundae</span> <span class='ocrx_word' id='word_1_203' title='bbox 647 2469 692 2528; x_wconf 89' lang='lat' dir='ltr'>rei</span> <span class='ocrx_word' id='word_1_204' title='bbox 725 2467 867 2547; x_wconf 89' lang='lat' dir='ltr'>publicae</span> <span class='ocrx_word' id='word_1_205' title='bbox 901 2469 1057 2529; x_wconf 90' lang='lat' dir='ltr'>consilium</span> 
     </span>
     <span class='ocr_line' id='line_1_30' title="bbox 170 2546 1056 2629; baseline 0.002 -21"><span class='ocrx_word' id='word_1_206' title='bbox 170 2549 257 2627; x_wconf 91' lang='lat' dir='ltr'>cepit.</span> <span class='ocrx_word' id='word_1_207' title='bbox 299 2546 338 2607; x_wconf 91' lang='lat' dir='ltr'>In</span> <span class='ocrx_word' id='word_1_208' title='bbox 358 2546 451 2607; x_wconf 83' lang='lat' dir='ltr'>Italia</span> <span class='ocrx_word' id='word_1_209' title='bbox 470 2546 575 2607; x_wconf 91' lang='lat' dir='ltr'>nullus</span> <span class='ocrx_word' id='word_1_210' title='bbox 595 2548 755 2622; x_wconf 84' lang='lat' dir='ltr'>exercitus,</span> <span class='ocrx_word' id='word_1_211' title='bbox 769 2548 823 2609; x_wconf 92' lang='lat' dir='ltr'>Cn.</span> <span class='ocrx_word' id='word_1_212' title='bbox 844 2549 1005 2629; x_wconf 90' lang='lat' dir='ltr'>Pompeius</span> <span class='ocrx_word' id='word_1_213' title='bbox 1024 2551 1056 2610; x_wconf 94' lang='lat' dir='ltr'>in</span> 
     </span>
     <span class='ocr_line' id='line_1_31' title="bbox 170 2627 1106 2709; baseline 0.002 -20"><span class='ocrx_word' id='word_1_214' title='bbox 170 2628 312 2689; x_wconf 83' lang='lat' dir='ltr'>extremis</span> <span class='ocrx_word' id='word_1_215' title='bbox 344 2628 433 2689; x_wconf 90' lang='lat' dir='ltr'>terris</span> <span class='ocrx_word' id='word_1_216' title='bbox 462 2627 578 2687; x_wconf 90' lang='lat' dir='ltr'>bellum</span> <span class='ocrx_word' id='word_1_217' title='bbox 605 2629 746 2707; x_wconf 83' lang='lat' dir='ltr'>gerebat3</span> <span class='ocrx_word' id='word_1_218' title='bbox 781 2630 839 2709; x_wconf 90' lang='lat' dir='ltr'>ipsi</span> <span class='ocrx_word' id='word_1_219' title='bbox 866 2631 1055 2691; x_wconf 86' lang='lat' dir='ltr'>consulatum</span> <span class='ocrx_word' id='word_1_220' title='bbox 1067 2632 1106 2691; x_wconf 86' lang='lat'>30</span> 
     </span>
     <span class='ocr_line' id='line_1_32' title="bbox 171 2708 1056 2787; baseline 0.003 -18"><span class='ocrx_word' id='word_1_221' title='bbox 171 2708 283 2787; x_wconf 86' lang='lat' dir='ltr'>petenti</span> <span class='ocrx_word' id='word_1_222' title='bbox 310 2728 421 2787; x_wconf 89' lang='lat' dir='ltr'>magna</span> <span class='ocrx_word' id='word_1_223' title='bbox 447 2728 529 2787; x_wconf 80' lang='lat' dir='ltr'>spes3</span> <span class='ocrx_word' id='word_1_224' title='bbox 563 2718 686 2769; x_wconf 90' lang='lat' dir='ltr'>senatus</span> <span class='ocrx_word' id='word_1_225' title='bbox 709 2710 786 2770; x_wconf 90' lang='lat' dir='ltr'>nihil</span> <span class='ocrx_word' id='word_1_226' title='bbox 810 2730 883 2771; x_wconf 89' lang='lat' dir='ltr'>sane</span> <span class='ocrx_word' id='word_1_227' title='bbox 905 2711 1056 2785; x_wconf 89' lang='lat' dir='ltr'>intentus;</span> 
     </span>
     <span class='ocr_line' id='line_1_33' title="bbox 170 2788 1058 2872; baseline 0.006 -24"><span class='ocrx_word' id='word_1_228' title='bbox 170 2798 253 2849; x_wconf 87' lang='lat' dir='ltr'>tutae</span> <span class='ocrx_word' id='word_1_229' title='bbox 273 2788 516 2868; x_wconf 84' lang='lat' dir='ltr'>tranquillaeque</span> <span class='ocrx_word' id='word_1_230' title='bbox 536 2809 582 2849; x_wconf 90' lang='lat' dir='ltr'>res</span> <span class='ocrx_word' id='word_1_231' title='bbox 603 2810 722 2863; x_wconf 79' lang='lat' dir='ltr'>omnes3</span> <span class='ocrx_word' id='word_1_232' title='bbox 742 2792 794 2851; x_wconf 89' lang='lat' dir='ltr'>sed</span> <span class='ocrx_word' id='word_1_233' title='bbox 815 2812 852 2852; x_wconf 90' lang='lat' dir='ltr'>ea</span> <span class='ocrx_word' id='word_1_234' title='bbox 871 2812 992 2871; x_wconf 89' lang='lat' dir='ltr'>prorsus</span> <span class='ocrx_word' id='word_1_235' title='bbox 1008 2814 1058 2872; x_wconf 81' lang='lat' dir='ltr'>op</span> 
     </span>
     <span class='ocr_line' id='line_1_34' title="bbox 171 2867 473 2948; baseline 0.003 -20"><span class='ocrx_word' id='word_1_236' title='bbox 171 2876 301 2948; x_wconf 90' lang='lat' dir='ltr'>portuna</span> <span class='ocrx_word' id='word_1_237' title='bbox 315 2867 473 2929; x_wconf 83' lang='lat' dir='ltr'>Catilinae.</span> 
     </span>
    </p>

    <p class='ocr_par' dir='ltr' id='par_1_6' title="bbox 170 2948 1156 3431">
     <span class='ocr_line' id='line_1_35' title="bbox 209 2948 1058 3028; baseline 0.002 -17"><span class='ocrx_word' id='word_1_238' title='bbox 209 2950 252 3011; x_wconf 81' lang='lat'>17.</span> <span class='ocrx_word' id='word_1_239' title='bbox 274 2948 374 3028; x_wconf 85' lang='lat' dir='ltr'>Igitur</span> <span class='ocrx_word' id='word_1_240' title='bbox 395 2950 515 3010; x_wconf 87' lang='lat' dir='ltr'>circiter</span> <span class='ocrx_word' id='word_1_241' title='bbox 535 2949 682 3011; x_wconf 84' lang='lat' dir='ltr'>kalendas</span> <span class='ocrx_word' id='word_1_242' title='bbox 701 2950 821 3025; x_wconf 86' lang='lat' dir='ltr'>Junias,</span> <span class='ocrx_word' id='word_1_243' title='bbox 836 2952 872 3013; x_wconf 91' lang='lat' dir='ltr'>L.</span> <span class='ocrx_word' id='word_1_244' title='bbox 887 2950 1015 3013; x_wconf 89' lang='lat' dir='ltr'>Caesare</span> <span class='ocrx_word' id='word_1_245' title='bbox 1028 2962 1058 3013; x_wconf 91' lang='lat' dir='ltr'>et</span> 
     </span>
     <span class='ocr_line' id='line_1_36' title="bbox 170 3028 1105 3112; baseline 0.002 -23"><span class='ocrx_word' id='word_1_246' title='bbox 170 3028 202 3089; x_wconf 93' lang='lat' dir='ltr'>C.</span> <span class='ocrx_word' id='word_1_247' title='bbox 218 3028 329 3109; x_wconf 82' lang='lat' dir='ltr'>Figulo</span> <span class='ocrx_word' id='word_1_248' title='bbox 348 3030 529 3103; x_wconf 91' lang='lat' dir='ltr'>consulibus,</span> <span class='ocrx_word' id='word_1_249' title='bbox 543 3031 642 3109; x_wconf 91' lang='lat' dir='ltr'>primo</span> <span class='ocrx_word' id='word_1_250' title='bbox 661 3032 795 3111; x_wconf 91' lang='lat' dir='ltr'>singulos</span> <span class='ocrx_word' id='word_1_251' title='bbox 815 3033 977 3112; x_wconf 92' lang='lat' dir='ltr'>appellare,</span> <span class='ocrx_word' id='word_1_252' title='bbox 991 3033 1058 3092; x_wconf 91' lang='lat' dir='ltr'>hor·</span> <span class='ocrx_word' id='word_1_253' title='bbox 1067 3034 1105 3092; x_wconf 85' lang='lat'>35</span> 
     </span>
     <span class='ocr_line' id='line_1_37' title="bbox 170 3109 1058 3192; baseline 0.002 -23"><span class='ocrx_word' id='word_1_254' title='bbox 170 3111 229 3170; x_wconf 88' lang='lat' dir='ltr'>tari</span> <span class='ocrx_word' id='word_1_255' title='bbox 256 3109 339 3182; x_wconf 90' lang='lat' dir='ltr'>alios,</span> <span class='ocrx_word' id='word_1_256' title='bbox 368 3110 442 3170; x_wconf 87' lang='lat' dir='ltr'>alios</span> <span class='ocrx_word' id='word_1_257' title='bbox 468 3119 634 3189; x_wconf 87' lang='lat' dir='ltr'>temptare;</span> <span class='ocrx_word' id='word_1_258' title='bbox 668 3134 739 3192; x_wconf 87' lang='lat' dir='ltr'>opes</span> <span class='ocrx_word' id='word_1_259' title='bbox 772 3134 849 3186; x_wconf 89' lang='lat' dir='ltr'>suas,</span> <span class='ocrx_word' id='word_1_260' title='bbox 877 3114 1058 3192; x_wconf 88' lang='lat' dir='ltr'>imparatam</span> 
     </span>
     <span class='ocr_line' id='line_1_38' title="bbox 170 3190 1057 3271; baseline 0.001 -20"><span class='ocrx_word' id='word_1_261' title='bbox 170 3211 232 3251; x_wconf 89' lang='lat' dir='ltr'>rem</span> <span class='ocrx_word' id='word_1_262' title='bbox 246 3190 410 3269; x_wconf 82' lang='lat' dir='ltr'>publicam,</span> <span class='ocrx_word' id='word_1_263' title='bbox 424 3210 536 3270; x_wconf 88' lang='lat' dir='ltr'>magna</span> <span class='ocrx_word' id='word_1_264' title='bbox 556 3194 692 3271; x_wconf 88' lang='lat' dir='ltr'>praemia</span> <span class='ocrx_word' id='word_1_265' title='bbox 713 3193 927 3271; x_wconf 90' lang='lat' dir='ltr'>conjurationis</span> <span class='ocrx_word' id='word_1_266' title='bbox 943 3192 1057 3252; x_wconf 89' lang='lat' dir='ltr'>dooere.</span> 
     </span>
     <span class='ocr_line' id='line_1_39' title="bbox 170 3270 1156 3350; baseline -0.001 -19"><span class='ocrx_word' id='word_1_267' title='bbox 170 3270 234 3331; x_wconf 90' lang='lat' dir='ltr'>Ubi</span> <span class='ocrx_word' id='word_1_268' title='bbox 246 3272 318 3331; x_wconf 89' lang='lat' dir='ltr'>satis</span> <span class='ocrx_word' id='word_1_269' title='bbox 331 3271 490 3349; x_wconf 83' lang='lat' dir='ltr'>explorata</span> <span class='ocrx_word' id='word_1_270' title='bbox 503 3281 574 3331; x_wconf 90' lang='lat' dir='ltr'>sunt</span> <span class='ocrx_word' id='word_1_271' title='bbox 589 3293 668 3350; x_wconf 88' lang='lat' dir='ltr'>quae</span> <span class='ocrx_word' id='word_1_272' title='bbox 681 3273 788 3344; x_wconf 92' lang='lat' dir='ltr'>voluit,</span> <span class='ocrx_word' id='word_1_273' title='bbox 803 3273 835 3330; x_wconf 94' lang='lat' dir='ltr'>in</span> <span class='ocrx_word' id='word_1_274' title='bbox 849 3293 944 3330; x_wconf 90' lang='lat' dir='ltr'>unum</span> <span class='ocrx_word' id='word_1_275' title='bbox 958 3292 1059 3331; x_wconf 88' lang='lat' dir='ltr'>omnes</span> <span class='ocrx_word' id='word_1_276' title='bbox 1151 3276 1156 3282; x_wconf 86' lang='lat'>&#39;</span> 
     </span>
     <span class='ocr_line' id='line_1_40' title="bbox 170 3349 1059 3431; baseline -0.008 -19"><span class='ocrx_word' id='word_1_277' title='bbox 170 3358 323 3423; x_wconf 87' lang='lat' dir='ltr'>convocat,</span> <span class='ocrx_word' id='word_1_278' title='bbox 337 3350 447 3431; x_wconf 86' lang='lat' dir='ltr'>quibus</span> <span class='ocrx_word' id='word_1_279' title='bbox 468 3370 614 3411; x_wconf 81' lang='lat' dir='ltr'>maxuma</span> <span class='ocrx_word' id='word_1_280' title='bbox 633 3350 820 3422; x_wconf 82' lang='lat' dir='ltr'>necessitudo</span> <span class='ocrx_word' id='word_1_281' title='bbox 835 3358 866 3407; x_wconf 86' lang='lat' dir='ltr'>et</span> <span class='ocrx_word' id='word_1_282' title='bbox 881 3349 1059 3426; x_wconf 91' lang='lat' dir='ltr'>plurumum</span> 
     </span>
    </p>
   </div>
   <div class='ocr_carea' id='block_1_3' title="bbox 0 0 1200 3692">
    <p class='ocr_par' dir='ltr' id='par_1_7' title="bbox 0 0 1200 3692">
     <span class='ocr_line' id='line_1_41' title="bbox 0 0 1200 3692; baseline 0 1"><span class='ocrx_word' id='word_1_283' title='bbox 0 0 1200 3692; x_wconf 95' lang='lat' dir='ltr'> </span> 
     </span>
    </p>
   </div>
  </div>
 </body>
</html>
