2392 3692
348 107 403 157 nn
426 105 706 157 conJuaarrorvn
729 104 937 174 curramus.
1046 90 1109 153 103

172 266 297 330 bantur.
341 267 433 344 Quod
446 268 478 327 ni
492 265 626 328 Catilina
639 271 819 325 maturasset
833 284 888 342 pro
901 262 987 323 curia
1006 262 1064 342 sig·

172 370 248 408 num
261 348 349 409 sociis
363 348 444 420 dare,
455 368 489 408 eo
503 347 552 407 die
565 354 633 426 post
646 346 798 406 conditam
812 342 919 403 urbem
933 342 1064 403 Romam

171 449 346 508 pessumum
374 427 491 489 facinus
518 435 673 507 patratum
693 426 779 485 foret.
821 423 905 500 Quia
928 423 1064 483 nondum

171 510 346 649 {requentes
381 508 490 569 armati
517 515 729 578 convenerant,
756 526 793 566 ea
826 523 874 564 res
907 503 1064 565 consilium
1093 586 1112 643 5

193 590 304 650 iremit.

214 672 259 732 19.
281 670 390 731 Postea
404 670 473 731 Piso
487 670 519 730 in
533 669 701 730 citeriorem
722 666 783 727 His
803 665 906 726 aniam
924 674 1065 744 quaestor

170 771 228 829 pro
248 760 386 829 praetore
407 751 512 811 missus
532 758 584 822 est,
599 748 754 808 adnitente
877 745 980 825 ,quod
993 766 1063 805 eum

158 831 316 915 ‚infestum
343 831 500 891 inimicum
524 829 579 890 On.
605 829 749 922 Pompeio
773 836 963 907 cognoverat.
1005 825 1064 886 Ne—

170 931 231 989 que
242 920 345 971 tamen
356 920 477 971 senatus
486 910 674 990 provinciam
684 909 798 969 invitus
808 907 942 980 dederat,
972 907 1064 986 uippe

170 992 296 1051 foedum
317 991 468 1052 hominem
489 1012 508 1051 a
528 1011 561 1051 re
581 990 705 1070 publica
722 988 828 1069 procul
845 1008 908 1048 esse
924 928 1112 1061 vdebaam

170 1072 264 1132 simul
284 1072 356 1151 quia
379 1072 451 1133 boni
475 1071 643 1151 complures
667 1069 849 1149 praesidium
869 1069 903 1128 in
922 1088 958 1128 eo
978 1077 1064 1148 puta

171 1152 258 1231 bant,
273 1162 302 1212 et
317 1154 462 1231 jamtum
475 1152 611 1232 potentia
631 1150 756 1231 Pompei
776 1148 970 1210 formidolosa
989 1157 1063 1209 erat.

171 1232 231 1293 Sed
246 1233 271 1293 is
286 1232 356 1293 Piso
369 1234 401 1293 in
414 1233 572 1311 provincia
592 1232 632 1292 ab
651 1230 803 1311 equitibus
819 1229 976 1309 Hispanis,
990 1250 1065 1309 quos

172 1314 205 1373 in
221 1314 358 1375 exercitu
379 1312 534 1386 ductabat,
548 1314 607 1373 iter
626 1312 738 1373 faciens
757 1310 872 1376 ooeisus
891 1318 944 1371 est.
985 1309 1064 1371 Sunt

173 1394 226 1472 qui
246 1394 291 1453 ita
311 1394 424 1467 dicant,
437 1394 564 1473 imperia
584 1394 649 1472 ejus
668 1393 789 1473 injusta,
803 1390 943 1471 superba,
958 1393 1062 1452 crude
1072 1389 1109 1450 15

173 1474 217 1534 lia
244 1474 389 1535 barbaros
415 1475 586 1553 nequivisse
613 1474 695 1553 pati;
730 1473 783 1532 alii
810 1481 922 1545 autem,
949 1472 1064 1551 equites

173 1554 251 1627 illos,
266 1553 321 1615 On.
336 1555 461 1635 Pompei
476 1563 590 1616 veteres
610 1554 745 1633 fidosque
765 1552 890 1615 clientes
906 1552 1065 1615 voluntate

174 1636 239 1714 ejus
259 1635 399 1696 Pisonem
420 1655 589 1715 aggressos3
617 1654 783 1713 numquam
804 1633 960 1713 Hispanos
980 1654 1064 1712 prae

173 1724 257 1775 terea
279 1714 342 1776 tale
365 1715 483 1777 facinus
507 1714 619 1786 fecisse,
638 1715 690 1775 sed
710 1714 837 1794 imperia
856 1734 948 1775 saeva
967 1713 1065 1774 multa

174 1804 245 1855 ante
255 1816 415 1875 perpessos.
456 1795 488 1856 N
489 1816 521 1857 os
534 1816 601 1856 eam
615 1815 679 1856 rem
692 1795 725 1854 in
739 1795 838 1855 medio
851 1794 1063 1873 relinquemus.
1074 1796 1112 1854 20

174 1875 223 1936 De
236 1877 388 1956 superiore
402 1876 608 1956 conjuratione
621 1876 692 1936 satis
706 1875 831 1936 dictum.

215 1957 268 2019 20.
291 1956 434 2029 Catilina,
449 1956 502 2016 ubi
520 1977 577 2029 eos,
592 1977 666 2035 quos
686 1956 778 2036 paulo
798 1963 870 2017 ante
891 1956 1064 2029 memoravi,

175 2037 346 2099 convenisse
366 2037 458 2111 videt,
479 2037 599 2098 tametsi
619 2057 689 2098 cum
709 2036 836 2116 singulis
859 2035 958 2096 multa
977 2057 1065 2115 saepe

174 2126 285 2198 egerat,
300 2126 402 2177 tamen
422 2117 454 2177 in
475 2138 538 2178 rem
558 2117 623 2179 fore
643 2118 766 2179 credens
787 2117 943 2178 univorsos
964 2116 1065 2196 appel-

175 2198 237 2259 lare
251 2206 281 2259 et
295 2198 456 2271 cohortari,
471 2198 503 2257 in
521 2198 656 2259 abditam
670 2206 788 2277 partem
802 2198 923 2261 aedium
936 2199 1063 2271 secessit,
1074 2197 1111 2255 25

175 2287 266 2358 atque
287 2277 338 2351 ibi,
353 2278 491 2339 omnibus
511 2278 633 2339 arbitris
646 2278 753 2359 procul
767 2278 883 2350 amotis,
898 2279 1063 2338 orationem

176 2360 298 2439 hujusce
322 2359 404 2419 modi
428 2358 552 2419 habuit:
582 2358 651 2419 “Ni
678 2359 777 2420 virtus
803 2358 935 2438 fidesque
961 2369 1064 2420 vostra

175 2448 309 2519 spectata
323 2439 399 2500 mihi
412 2439 520 2513 forent,
529 2440 734 2520 nequidquam
748 2447 917 2519 opportuna
930 2460 977 2499 res
990 2440 1063 2500 ceci-

176 2520 282 2593 disset;
306 2540 372 2599 spes
397 2540 516 2600 magua,
541 2520 707 2582 dominatio
731 2520 763 2579 in
787 2520 925 2579 manibus
950 2520 1063 2581 frustra

175 2600 299 2661 fuissent
309 2623 317 2673 ;
337 2622 434 2680 neque
454 2622 509 2681 ego
529 2622 584 2681 per
604 2601 759 2681 ignaviam
779 2608 834 2662 aut
847 2621 928 2661 vana
942 2600 1063 2681 ingenia
1072 2602 1110 2660 30

175 2682 290 2743 incerta
317 2702 371 2761 pro
399 2682 488 2743 certis
516 2690 678 2761 captarem.
720 2680 780 2741 Sed
803 2681 876 2759 quia
902 2682 1006 2742 multis
1031 2679 1064 2743 et

174 2762 290 2841 magnis
318 2762 545 2841 tempestatibus
572 2783 626 2824 vos
657 2762 784 2842 cognovi
811 2761 902 2822 fortes
929 2762 1063 2842 fidosque

175 2842 257 2915 mihi,
272 2863 307 2903 eo
320 2843 438 2905 animus
452 2864 543 2905 ausus
556 2852 601 2904 est
615 2863 794 2903 maxumum
815 2851 906 2921 atque
925 2843 1063 2923 pulcher-

174 2942 295 2982 rumum
323 2923 439 2985 facinus
465 2925 606 3003 incipere,
630 2923 720 2984 simul
747 2924 819 3003 quia
846 2922 931 2984 vobis
958 2924 1063 2985 eadem

174 3022 250 3081 quae
270 3003 346 3063 mihi
365 3003 446 3065 bona
466 3005 607 3083 malaque
627 3025 688 3065 esse
708 3004 861 3064 intellexi:
889 3025 961 3064 nam
981 3003 1109 3065 idemdd

174 3082 252 3144 velle
272 3093 363 3165 atque
377 3086 456 3145 idem
470 3085 562 3158 nolle,
576 3085 745 3145 cadomum
759 3085 847 3145 firma
861 3085 995 3145 amicitia
1008 3094 1060 3145 est.

173 3162 232 3223 Sed
245 3185 300 3243 ego
314 3186 392 3244 quae
406 3175 505 3227 mente
519 3166 636 3245 agitari
650 3185 751 3225 omnes
766 3166 832 3243 jam
846 3173 936 3227 antea
950 3165 1062 3226 divorsi

173 3245 306 3307 audistis.
348 3245 488 3307 Ceterum
509 3247 584 3306 mihi
605 3246 637 3304 in
658 3245 721 3326 dias¹
748 3245 843 3321 magis
869 3244 987 3305 animus
1014 3266 1061 3306 ac·

174 3325 321 3398 conditur,
336 3346 406 3385 cum
427 3326 589 3395 considero,
604 3344 682 3401 quae
703 3322 839 3381 condicio
855 3322 936 3380 vitae
957 3324 1061 3381 futura
