2392 3692
117 117 159 182 48
405 132 429 183 c.
450 133 632 184 sarrosrr
653 133 775 184 oursrr

165 294 217 354 nia
231 302 285 358 aut
299 293 411 354 honore
424 292 585 367 extulerat,
601 293 855 355 commonefacere
868 293 994 355 benefici
1007 295 1054 354 sui

166 384 197 436 et
220 394 289 434 eum
313 375 411 452 ipsum
435 374 502 435 aliis
527 383 692 448 ostentare;
713 384 863 454 postremo
883 396 937 454 pro
958 376 1054 455 cujus

161 476 224 534 que
238 455 358 534 ingenio
372 455 549 534 pollicendo,
564 455 743 528 minitando,
758 454 944 527 obtestando,
958 455 1052 515 alium

166 536 226 596 alio
247 535 336 596 modo
356 536 507 609 excitare;
529 557 598 596 cum
619 536 740 596 interim
761 534 911 608 Metellus,
931 536 1054 614 ignarus

138 619 156 676 5
166 617 307 689 hostium,
319 625 420 677 monte
434 617 609 695 degrediens
620 637 689 677 oum
699 617 844 690 exercitu,
856 616 1053 695 conspicatur,

166 698 263 776 primo
287 696 397 758 dubius
418 698 563 776 quidnam
587 696 709 757 insolita
732 697 823 758 facies
846 697 1054 757 ostenderet-

166 798 237 838 nam
261 778 340 837 inter
361 777 498 857 virgulta
521 778 590 856 equi
614 776 826 856 Numidaeque
850 777 1053 849 consederant,

166 879 262 937 neque
283 858 373 938 plane
394 857 537 918 occultati
557 857 730 918 humilitate
750 857 893 918 arborum
907 866 937 917 et
951 867 1053 917 tamen

166 940 281 1012 incerti,
306 939 452 1018 quidnam
476 948 559 1011 esset,
584 959 654 999 curn
681 946 793 998 natura
816 937 875 999 loci
898 947 964 997 tum
986 937 1054 998 dolo

120 1020 223 1098 linsi
257 1028 348 1100 atque
382 1020 468 1098 signa
502 1018 648 1079 militaria
678 1018 940 1080 obscurati-dein
967 1017 1053 1078 brevi

167 1101 294 1179 cognitis
321 1101 435 1161 insidiis
462 1099 616 1179 paulisper
649 1119 758 1179 agmen
786 1099 949 1160 constituit.
1004 1098 1053 1159 Ibi

168 1183 358 1242 commutatis
372 1181 535 1254 ordinibus,
550 1181 581 1240 in
596 1180 721 1240 dextero
735 1180 838 1252 latere,
849 1180 929 1259 quod
944 1199 1053 1259 proxu-

166 1281 250 1321 mum
278 1262 375 1324 hostes
409 1270 483 1334 erat,
511 1260 683 1340 triplicibus
717 1260 855 1321 subsidiis
889 1261 985 1321 eciem
1012 1261 1053 1319 in-

167 1343 296 1414 struxit;
332 1343 410 1403 inter
437 1342 606 1421 manipulos
633 1341 800 1401 funditores
827 1350 857 1401 et
884 1341 1053 1420 sagittarios

120 1423 313 1502 lbdispertit,
341 1423 510 1502 equitatum
537 1442 656 1482 omnem
683 1423 716 1480 in
744 1421 885 1482 cornibus
908 1421 997 1493 locat,
1018 1441 1053 1481 ac

167 1525 265 1583 pauca
278 1524 332 1583 pro
346 1513 481 1582 tempore
501 1503 612 1563 milites
633 1502 770 1563 hortatus
790 1501 894 1575 aciem,
908 1502 997 1562 sicuti
1011 1502 1053 1561 in-

166 1593 329 1657 struxerat,
344 1584 522 1645 transvorsis
536 1583 693 1662 principiis
708 1584 739 1643 in
754 1581 879 1662 planum
894 1583 1026 1643 deducit.

209 1666 259 1728 50.
281 1665 340 1726 Sed
362 1664 415 1725 ubi
435 1663 585 1724 Numidas
600 1663 715 1742 quietos
729 1683 825 1743 neque
840 1662 916 1723 colle
929 1663 1051 1741 degredi

166 1746 392 1818 animadvortit,
419 1746 530 1805 veritus
558 1765 597 1805 ex
625 1745 699 1804 anni
726 1753 860 1822 tempore
890 1752 921 1803 et
951 1743 1052 1822 inopia

119 1827 157 1886 20
167 1848 272 1906 aquae,
287 1848 325 1887 ne
345 1826 396 1886 siti
416 1825 613 1886 conficeretur
632 1825 791 1898 exercitus,
806 1823 958 1884 Rutilium
975 1822 1053 1902 lega·

166 1917 232 1967 tum
268 1929 336 1968 cum
371 1906 519 1985 expeditis
547 1904 720 1966 cohortibus
747 1913 777 1964 et
804 1912 891 1984 parte
917 1903 1052 1982 equitum

167 1989 320 2067 praemisit
341 1987 380 2048 ad
401 1987 523 2060 flumen,
540 1987 586 2046 uti
607 1985 707 2046 locum
728 1985 833 2046 castris
853 1993 1052 2063 antecaperet,

167 2069 353 2129 existumans
390 2068 488 2128 hostes
523 2066 628 2127 crebro
662 2066 777 2145 impetu
811 2074 841 2126 et
874 2064 1053 2126 transvorsis

167 2149 287 2227 proeliis
314 2150 372 2210 iter
398 2169 487 2209 suum
514 2156 725 2219 remoraturos,
745 2155 776 2206 et
796 2146 939 2224 quoniam
962 2145 1054 2205 armis

120 2228 158 2288 25
167 2229 345 2302 diffiderent,
370 2228 577 2290 lassitudinem
605 2238 635 2289 et
661 2227 742 2288 sitim
770 2226 902 2287 militurn
928 2234 1053 2305 tempta·

169 2319 259 2370 turos.
303 2309 421 2370 Deinde
442 2311 504 2388 ipse
524 2329 579 2388 pro
600 2329 632 2368 re
652 2318 743 2387 atque
761 2307 835 2380 loco,
849 2307 938 2367 sicuti
952 2315 1053 2366 monte

168 2389 369 2461 descenderet,
384 2390 532 2469 paulatim
546 2389 717 2468 procedere,
732 2388 866 2460 Marium
886 2396 953 2465 post
973 2388 1052 2466 prin-

168 2471 246 2550 cipia
260 2469 379 2542 habere,
394 2471 457 2549 ipse
476 2492 545 2531 cum
566 2470 704 2530 sinistrae
724 2469 791 2529 alae
811 2467 962 2546 equitibus
981 2487 1052 2539 esse,

167 2551 219 2631 qui
240 2551 272 2609 in
294 2551 412 2630 agmine
433 2551 582 2629 principes
599 2551 673 2611 facti
692 2558 786 2610 erant.
828 2547 873 2609 At
887 2547 1052 2627 Jugurtha,

120 2631 220 2692 30ubi
241 2639 410 2691 extremum
431 2651 540 2710 agmen
561 2631 680 2692 Metelli
701 2631 813 2710 primos
835 2648 904 2689 suos
924 2637 1053 2707 praeter·

166 2733 300 2791 gressum
310 2712 403 2784 videt,
414 2712 562 2790 praesidio
576 2713 662 2789 quasi
676 2712 770 2771 duum
785 2709 904 2769 milium
917 2709 1053 2788 peditum

167 2802 299 2854 montem
313 2800 450 2871 occupat,
464 2812 524 2870 qua
545 2792 689 2852 Metellus
709 2790 911 2862 descenderat,
925 2810 963 2849 ne
977 2789 1053 2850 forte

168 2872 341 2934 cedentibus
367 2872 548 2933 advorsariis
572 2872 705 2951 receptui
726 2893 762 2933 ac
781 2879 848 2951 post
869 2870 1054 2929 munimento

167 2954 253 3014 foret.
309 2952 390 3012 Dein
424 2960 546 3031 repente
580 2952 665 3031 signo
692 2952 765 3013 dato
795 2952 894 3012 hostes
927 2949 1053 3011 invadit.

120 3035 158 3094 35
168 3033 320 3094 Numidae
341 3032 394 3092 alii
414 3042 578 3111 postremos
600 3033 732 3106 caedere,
749 3053 820 3113 pars
840 3053 859 3092 a
878 3031 999 3092 sinistra
1019 3051 1054 3090 ac

167 3114 277 3175 dextra
297 3121 454 3190 temptare,
476 3113 585 3172 infensi
606 3114 707 3173 adesse
734 3123 826 3193 atque
853 3113 975 3185 instare,
996 3132 1055 3172 om·

167 3193 257 3253 nibus
278 3193 350 3252 locis
370 3193 576 3252 Romanorum
591 3194 709 3252 ordines
724 3193 913 3266 conturbare,
928 3213 1055 3272 quorum

169 3274 259 3333 etiam
274 3273 326 3350 qui
340 3271 522 3332 firmioribus
543 3272 651 3332 animis
668 3272 749 3333 obvii
769 3272 905 3334 hostibus
926 3273 1055 3346 firerant,

171 3352 319 3413 ludificati
340 3352 455 3412 incerto
475 3351 597 3430 proeli0,
619 3352 677 3431 ipsi
696 3353 785 3413 modo
805 3353 923 3414 eminus
942 3355 1057 3416 saucia·
