2392 3692
101 147 144 212 36
389 159 414 211 c.
434 158 613 210 aninumr
634 156 754 209 caram

151 319 212 380 illis
232 318 395 399 accepistis,
420 337 519 379 nonne
545 338 664 379 summa
688 338 744 398 ope
767 317 927 379 nitamini?
947 326 1041 398 atqua

149 423 184 463 eo
203 399 418 472 vehementius,
433 420 492 493 quo
512 400 610 478 majus
630 398 759 460 dedecus
779 407 823 460 est
843 407 938 478 parta
953 399 1042 459 amit

150 491 223 555 tere,
248 501 339 560 quam
368 499 491 540 ommno
514 499 575 540 non
599 479 760 559 paravisse.
802 479 894 541 Dicet
921 479 1040 558 aliquis,

151 562 236 639 Quid
257 562 351 642 igitur
372 561 492 622 censes?
533 560 762 621 Vindicandum
776 561 808 620 in
822 581 879 634 eos,
894 560 946 641 qui
960 560 1041 620 hosti

123 645 142 705 5
150 643 310 724 prodidere
324 662 387 701 rem
401 640 563 720 publicam.
607 640 677 701 Non
691 661 784 701 manu
798 661 895 721 neque
905 642 947 714 vi,
958 641 1041 720 quod

151 724 247 802 magis
261 742 314 784 vos
334 722 437 783 fecisse
458 741 548 800 quam
569 721 630 781 illis
651 721 792 782 accidisse
813 721 972 800 indignum
985 731 1040 794 est,

151 825 258 866 verum
286 801 510 883 quaestionibus
538 810 568 862 et
595 800 707 863 indicio
731 803 825 881 ipsius
849 801 1040 882 Jugurthae;

151 885 204 964 qui
225 885 249 945 si
270 883 428 944 dediticius
448 891 500 955 est,
515 882 650 961 profecto
666 883 758 962 jussis
771 883 880 943 vostris
900 882 1041 943 obediens

151 965 225 1037 erit3
246 964 292 1025 siu
313 984 349 1024 ea
369 964 542 1036 contemnit,
563 963 677 1024 scilicet
697 963 927 1036 existumabitis,
942 962 1042 1043 qualis

105 1046 143 1106 10
152 1045 207 1105 illa
220 1065 282 1124 pax
296 1053 350 1104 aut
363 1043 476 1104 deditio
489 1044 537 1117 sit,
552 1064 591 1104 ex
610 1064 671 1123 qua
691 1045 731 1104 ad
744 1041 932 1124 Jugurtham
951 1042 1041 1104 scele-

152 1146 219 1185 rum
232 1125 405 1205 impunitas,
414 1125 453 1185 ad
464 1144 576 1204 paucos
584 1134 720 1204 potentes
730 1144 893 1186 maxumae
906 1124 1040 1197 divitiae,

152 1207 191 1266 ad
206 1226 269 1266 rem
283 1204 438 1284 publicam
452 1205 565 1266 damna
579 1213 671 1284 atque
680 1205 827 1266 dedecora
837 1205 1040 1285 pervenerint.

152 1286 220 1346 Nisi
243 1286 321 1347 forte
344 1286 478 1346 nondum
502 1286 594 1346 etiam
619 1306 672 1348 vos
698 1285 910 1347 dominationis
936 1305 1041 1346 eorum

152 1367 275 1428 satietas
301 1375 392 1440 tenet,
420 1375 450 1426 et
477 1365 532 1426 illa
559 1386 653 1445 quam
679 1367 755 1428 haec
781 1374 918 1446 tempora
945 1367 1042 1446 magis

107 1448 144 1508 15
173 1447 282 1521 lacent,
297 1467 367 1508 curn
388 1467 490 1526 regna,
505 1447 688 1527 provinciae,
710 1447 799 1527 leges,
816 1448 897 1527 jura,
915 1446 1041 1527 judicia,

152 1469 233 1590 bella
254 1537 345 1608 atque
365 1548 461 1607 paces,
482 1536 632 1607 postremo
651 1528 756 1589 divina
775 1537 806 1588 et
826 1528 961 1588 humana
980 1548 1042 1587 om-

152 1609 204 1670 nia
225 1629 316 1690 penes
336 1629 447 1687 paucos
467 1617 562 1682 erant,
577 1628 630 1670 vos
648 1618 760 1682 autem,
774 1609 832 1669 hoc
845 1617 897 1682 ast,
912 1608 1042 1688 populus

154 1691 319 1764 Romanus,
338 1689 445 1750 invicti
466 1687 506 1748 ab
526 1687 671 1762 hostibus,
692 1689 887 1768 imperatores
906 1689 1042 1749 omnium

153 1771 298 1851 gentium,
311 1769 384 1832 satis
397 1768 557 1830 habebatis
577 1770 710 1830 animam
731 1770 876 1830 retinere:
897 1789 969 1830 nam
982 1790 1042 1831 ser-

105 1854 282 1915 sevitutem
310 1849 431 1931 quidem
459 1849 526 1928 quis
552 1859 689 1911 vostrum
717 1870 855 1911 recusare
888 1849 1042 1912 audebat?

153 1934 257 2015 Atque
278 1953 341 2012 ego,
361 1929 484 1991 tametsi
503 1930 569 1991 viro
590 1931 864 2010 flagitiosissumum
891 1931 1042 1992 existumo

153 2015 276 2094 impune
284 2011 427 2093 injuriam
436 2011 592 2091 accepisse,
600 2020 703 2072 tamen
712 2010 1042 2073 voshominibussoale

153 2094 320 2156 ratisaumis
334 2093 495 2172 ignoscere,
510 2092 651 2170 quoniam
673 2092 752 2153 cives
772 2100 851 2166 sunt,
865 2112 961 2172 aequo
979 2093 1042 2153 ani-

153 2195 203 2236 mo
216 2184 344 2254 paterer,
355 2173 387 2234 ni
401 2173 604 2232 misericordia
618 2173 650 2232 in
664 2172 827 2251 perniciem
841 2193 948 2234 casura
957 2183 1040 2234 emet.

107 2257 145 2316 25
154 2255 236 2315 Nam
250 2261 280 2314 et
294 2253 362 2327 illis,
377 2261 525 2334 quantum
540 2253 777 2333 importunitatis
794 2251 918 2327 habent,
932 2274 1041 2333 parum

153 2345 198 2397 est
211 2335 335 2415 impune
349 2334 428 2394 male
442 2334 553 2406 fecisse,
568 2333 625 2394 nisi
645 2332 753 2394 deinde
771 2333 906 2394 faciundi
919 2333 1042 2396 lieentia

153 2416 290 2496 eripitur,
305 2424 335 2476 et
348 2413 435 2476 vobis
455 2422 578 2474 aeterna
596 2413 768 2474 sollicitudo
781 2414 957 2488 remanebit,
972 2436 1042 2476 curn

154 2496 335 2576 intellegetis
349 2504 403 2556 aut
416 2495 612 2556 serviundum
627 2514 689 2555 esse
703 2503 757 2554 aut
809 2514 944 2556 rmanns
953 2495 1042 2556 liber-

154 2586 248 2638 tatem
270 2575 468 2636 retinendam.
510 2574 592 2636 Nam
612 2574 682 2635 fidei
707 2515 828 2654 quidbem
848 2585 902 2636 aut
924 2597 1042 2638 concor-

107 2659 146 2719 30
154 2658 222 2719 diae
235 2677 313 2736 quae
327 2676 393 2735 spes
406 2657 471 2716 est?
512 2655 674 2716 Dominari
694 2655 741 2715 illi
755 2656 871 2730 volunt,
886 2677 943 2719 vos
953 2657 1042 2718 liberi

154 2759 225 2811 asse,
249 2737 348 2798 facere
375 2736 422 2796 illi
448 2736 583 2809 iu'urias,
608 2758 662 2798 vos
689 2735 865 2816 prohibere;
893 2747 1042 2816 postremo

154 2820 241 2881 sociis
254 2818 363 2878 nostris
374 2816 470 2878 veluti
477 2758 625 2891 bostibns,
636 2817 771 2878 hostibus
786 2838 841 2897 pro
854 2819 940 2879 sociis
953 2826 1042 2879 utun-

153 2909 213 2961 tur.
256 2899 396 2959 Potestne
409 2897 442 2957 in
456 2906 519 2957 tam
533 2898 660 2959 divorsis
673 2898 824 2960 mentibus
834 2919 895 2978 pax
907 2907 961 2960 aut
970 2900 1042 2959 ami-

155 2981 227 3042 citia
241 2980 323 3040 esse?
364 2978 469 3054 Quare
489 2999 595 3039 moneo
616 2979 780 3058 hortorque
793 3000 855 3052 vos,
870 2987 1042 3040 natantum

108 3061 249 3122 35scelus
269 3059 453 3139 impunitum
474 3059 627 3120 omittatis.
678 3059 748 3120 Non
769 3061 925 3141 peculatus
945 3062 1043 3121 aerari

155 3142 254 3202 factus
276 3149 330 3212 est,
351 3159 449 3218 neque
472 3159 525 3218 per
549 3140 612 3200 vim
636 3141 722 3200 sociis
745 3151 865 3220 ereptae
888 3141 1042 3220 pecuniae,

156 3240 233 3298 quae
255 3239 439 3298 quamquam
463 3219 569 3296 gravia
593 3227 673 3292 sunt,
697 3229 800 3280 tamen
828 3222 1043 3282 consuetudine

79 3312 89 3332 ·
157 3301 222 3378 jam
244 3319 298 3378 pro
318 3298 413 3357 nihilo
433 3297 592 3358 habentur.
635 3298 726 3359 Hosti
746 3320 903 3361 acerrumo
923 3302 1043 3381 prodita

156 3387 277 3439 senatus
290 3377 462 3449 auctoritas,
476 3378 630 3456 proditum
651 3378 811 3458 imperium
825 3391 960 3441 vostrum
981 3391 1043 3444 est:
