2392 3692
306 138 359 189 cn
381 138 662 190 canueArrona
685 138 890 189 crrtnrnnn
1004 122 1064 189 107

133 300 229 361 multa
249 299 319 372 alia,
341 319 419 378 quae
445 297 646 359 instrumenta
672 296 813 359 luxuriae
839 308 918 359 sunt.
959 297 1019 359 Sed

132 381 158 441 ei
179 382 295 442 cariora
315 400 432 459 semper
452 380 553 440 omnia
569 400 661 458 quam
682 380 773 440 decus
793 387 885 458 atque
904 379 1019 459 pudici·

131 462 174 521 tia
194 461 270 533 fuit3
291 460 437 540 pecuniae
460 480 500 520 an
526 460 626 520 famae
649 460 748 521 minus
768 470 915 539 parceret,
936 461 1019 520 haud

131 541 221 602 facile
248 542 447 614 discerneres3
476 540 580 601 lubido
607 541 651 602 sic
677 560 812 613 accensa,
839 550 875 601 ut
901 541 1020 619 saepius

131 630 246 701 peteret
266 622 347 683 viros
371 641 462 699 quam
486 629 648 701 peteretur.
689 620 748 681 Sed
769 642 805 681 ea
824 641 912 700 saepe
935 632 1017 681 ante
1046 621 1065 679 5

130 702 190 763 hae
213 703 304 763 fidem
324 702 507 782 prodiderat,
529 702 676 763 creditum
697 702 901 781 abjuraverat,
920 702 1020 762 caedis

130 784 250 844 conscia
260 782 368 855 fuerat,
379 783 502 843 luxuria
516 791 608 861 atque
620 783 723 862 inopia
736 802 880 862 praeceps
892 781 1017 842 abierat.

129 863 250 925 Verum
264 863 419 945 ingenium
433 864 496 943 ejus
513 862 596 923 haud
615 862 797 933 absurdum;
818 883 903 942 posse
916 882 1020 923 versus

129 945 240 1016 facere,
257 944 360 1023 jocum
381 964 510 1017 movere,
524 963 660 1004 sermone
680 943 726 1003 uti
746 942 796 1003 vel
816 942 950 1003 modesto
970 943 1019 1004 vel

129 1024 217 1085 molli
238 1024 288 1085 vel
308 1025 444 1103 prccaci;
472 1044 593 1104 prorsus
614 1023 728 1085 multae
748 1024 876 1084 facetiae
895 1022 1020 1083 multus
1031 1023 1068 1083 10

130 1125 191 1185 que
205 1104 287 1183 lepos
300 1107 406 1165 inerat.
464 1130 468 1139 ·

171 1180 223 1247 2'6.
247 1184 307 1245 His
326 1184 417 1245 rebus
437 1184 627 1263 comparatis,
648 1183 783 1246 Catilina
803 1184 900 1244 nihilo
920 1185 1020 1245 minus

129 1268 161 1326 in
184 1286 368 1345 proxumum
392 1286 506 1325 annum
527 1266 717 1327 consulatum
737 1264 869 1345 petebat,
888 1285 1020 1343 sperans,

129 1348 155 1407 si
181 1346 355 1425 designatus
378 1346 465 1419 foret,
489 1346 578 1407 facile
598 1366 630 1407 se
650 1366 689 1406 ex
709 1346 867 1408 voluntate
887 1346 1021 1406 Antonio

129 1447 267 1488 usurum.
309 1426 416 1505 Neque
436 1428 552 1487 interca
572 1427 692 1505 quietus
711 1435 786 1500 erat,
807 1426 859 1487 sed
883 1422 1069 1486 omnibusl5

129 1507 228 1568 modis
248 1507 372 1567 insidiae
392 1506 521 1586 parabat
541 1506 688 1568 Ciceroni.
730 1507 838 1586 Neque
855 1506 902 1566 illi
919 1515 1020 1566 tamen

129 1590 169 1649 ad
186 1588 356 1649 cavendum
376 1588 464 1647 dolus
484 1596 538 1647 aut
558 1588 687 1649 astutiae
706 1588 839 1648 deerant.
858 1601 860 1605 '
881 1587 1022 1665 Namque

129 1691 149 1729 a
164 1668 314 1747 principio
329 1667 502 1729 consulatus
515 1666 561 1728 sui
575 1667 673 1728 multa
686 1668 857 1747 pollicendo
877 1688 931 1746 per
948 1666 1020 1727 Ful-

129 1750 215 1812 viam
236 1750 382 1820 effecerat,
397 1756 432 1809 ut
446 1748 486 1825 Q.
501 1746 620 1822 Curius,
634 1747 673 1809 de
686 1770 745 1827 quc
758 1748 851 1829 paulo
870 1757 941 1809 ante
961 1769 1020 1808 me-

131 1829 259 1903 moravi,
284 1828 408 1890 consilia
435 1828 585 1890 Catilinae
611 1829 669 1889 sibi
696 1830 844 1909 proderet.
885 1828 938 1889 Ad
965 1829 1070 1890 hcc20

132 1911 280 1990 collegam
301 1930 389 1970 suum
410 1907 579 1970 Antonium
601 1910 740 1989 pactione
763 1910 936 1989 provinciae
957 1930 1021 1988 per-

131 1992 262 2072 pulerat,
277 2011 315 2052 ne
330 1998 434 2051 contra
448 1989 680 2069 rempublicam
693 1992 834 2064 sentiret;
856 1991 970 2052 circum
991 2009 1022 2049 se

154 2071 282 2132 raesidia
296 2071 462 2132 amicorum
476 2079 567 2150 atque
581 2070 737 2132 clientium
750 2071 867 2133 occulte
880 2070 1021 2131 habebat.

132 2094 299 2231 l'ostquam
316 2151 377 2212 dies
394 2151 583 2212 comitiorum
597 2151 690 2224 venit,
704 2161 734 2212 et
755 2151 906 2213 Catilinae
926 2171 1023 2230 neque

132 2232 239 2313 petitio
259 2252 355 2311 neque
376 2232 509 2304 insidiae,
530 2252 606 2311 quas
632 2233 747 2294 consuli
768 2234 800 2293 in
821 2253 928 2313 campo
947 2230 1070 2292 fece-25

132 2323 191 2387 rat,
219 2332 359 2392 prospere
387 2332 506 2385 cessere,
534 2311 690 2374 constituit
724 2313 839 2373 bellum
866 2314 965 2374 facere
992 2319 1022 2372 et

133 2403 272 2455 extrema
285 2393 386 2453 omnia
400 2393 540 2471 experiri,
551 2394 693 2472 quoniam
707 2415 785 2474 quae
799 2394 917 2455 occulte
929 2403 1023 2472 temp

133 2482 253 2535 taverat
268 2494 374 2553 aspera
387 2474 533 2553 foedaque
546 2484 718 2535 evenerant.

175 2556 221 2619 27.
242 2553 344 2633 Igitur
367 2554 401 2615 C.
426 2554 578 2615 Manlium
607 2553 751 2616 Faesulas
778 2562 869 2634 atque
896 2555 928 2615 in
955 2575 1022 2615 eam

133 2644 252 2715 partem
280 2634 432 2708 Etruriae,
459 2634 497 2695 Se
517 2636 639 2696 timium
667 2636 818 2715 quendam
849 2635 1020 2697 Camertem
1030 2634 1069 2694 30

134 2718 165 2776 in
186 2736 296 2795 agrum
316 2714 471 2789 Picenum,
512 2716 556 2778 .J
557 2716 652 2775 ulium
675 2716 707 2777 in
726 2716 872 2796 Apuliam
893 2715 1022 2788 dimisit;

134 2804 291 2875 praeterea
305 2795 399 2856 alium
413 2796 482 2867 alic,
497 2817 586 2875 quem
607 2796 719 2876 ubique
740 2806 945 2877 opportunum
965 2797 1022 2857 sibi

134 2878 198 2938 fore
220 2875 370 2938 credebat.
411 2875 532 2937 Interea
553 2876 669 2937 Romae
689 2877 787 2938 multa
807 2877 897 2938 simul
914 2878 1022 2950 moliri,

135 2956 251 3019 consuli
272 2956 394 3018 insidias
414 2958 547 3031 tendere,
584 2979 670 3019 arare
689 2959 838 3031 incendia,
853 2969 1024 3038 opportuna

134 3039 202 3099 loca
216 3037 341 3098 armatis
354 3037 525 3099 hominibus
538 2979 682 3112 obsidere,
696 3040 759 3119 ipse
780 3060 848 3100 cum
868 3039 930 3100 telo
950 3060 1020 3104 esse.
1030 3037 1068 3097 35

135 3120 208 3179 item
222 3118 297 3179 alios
310 3117 426 3198 jubere,
441 3119 566 3191 hortari,
580 3120 627 3179 uti
646 3140 763 3199 semper
783 3121 893 3180 intenti
913 3118 1023 3199 parati-

134 3220 194 3279 que
215 3208 321 3271 essent,
342 3198 404 3260 dies
425 3208 584 3278 noctesque
604 3200 755 3272 festinare,
769 3200 906 3279 vigilare,
927 3220 1023 3277 neque

134 3280 291 3341 insomniis
301 3299 338 3339 ne
360 3301 397 3340 ue
407 3278 510 3340 labore
521 3280 652 3358 fatigari.
694 3282 849 3339 Postremo
860 3280 913 3337 ubi
927 3280 1025 3337 multa

134 3360 267 3441 agitanti
280 3300 359 3420 nihil
371 3360 515 3439 procedit,
530 3380 633 3419 rursus
649 3360 829 3435 intempesta
849 3364 937 3414 nocte
957 3376 1024 3416 con·
