2392 3692
126 171 189 235 114
412 185 437 236 o.
457 183 636 237 sartosrr
657 182 776 235 onrsrr

171 344 317 406 modestia
344 364 440 423 neque
468 344 573 405 modus
602 343 800 405 contentionis
827 351 910 405 erat:
938 343 1064 426 utrique

171 427 330 489 victoriam
344 424 507 487 crudeliter
520 424 711 485 exercebant.

214 507 263 569 39.
285 506 343 566 Sed
358 514 516 585 postquam
531 504 587 565 Cn.
602 505 763 584 Pompeius
783 505 823 565 ad
843 504 959 566 bellum
973 508 1063 569 mari·

171 597 290 648 tumum
311 596 401 664 atque
422 585 666 647 Mithridaticum
688 586 793 646 missus
813 594 866 659 est,
881 585 978 725 pliebis
992 609 1063 668 opes

145 667 359 739 5imminutae,
387 685 552 745 paucorum
580 666 716 745 potentia
743 666 847 727 crevit.
924 668 935 726 i
968 670 1062 749 magi·

170 755 292 819 stratus,
303 747 481 826 provincias,
492 745 613 825 aliaque
626 746 728 806 omnia
740 755 851 819 tenere,
862 747 920 827 ipsi
933 748 1062 823 innoxii,

171 828 318 899 florentes,
342 827 405 887 sine
433 836 515 888 metu
543 835 673 887 aetatem
700 846 798 905 agere,
819 837 992 907 ceterosque
1014 831 1062 911 ju·

171 908 258 970 diciis
282 918 403 979 terrere,
425 927 484 987 quo
508 906 627 986 plebem
652 906 684 966 in
708 908 886 987 magistratu
912 908 1062 988 placidius

170 998 345 1050 tractarent.
387 986 447 1048 Sed
467 986 519 1047 ubi
541 987 674 1066 primum
694 987 794 1048 dubiis
814 989 903 1050 rebus
926 992 1062 1052 novandi

125 1071 237 1149 lOspes
257 1068 360 1130 oblata
380 1076 433 1141 est,
454 1076 541 1129 vetus
562 1076 713 1129 certamen
740 1069 857 1130 animos
883 1090 988 1131 eorum
1017 1092 1062 1132 ar-

170 1149 260 1211 rexit.
302 1149 394 1226 Quod
408 1149 433 1209 si
447 1148 544 1227 primo
563 1146 677 1226 proelio
696 1147 831 1210 Catilina
850 1150 987 1230 superior
1008 1161 1061 1213 aut
1177 1209 1178 1216 ,

170 1250 268 1309 aequa
302 1249 394 1289 manu
429 1228 617 1302 discessisset,
648 1230 782 1309 profecto
816 1250 927 1309 magna
960 1231 1062 1293 clades

171 1319 262 1389 atque
286 1310 442 1372 calamitas
466 1329 530 1369 rem
555 1309 709 1388 publicam
733 1310 942 1389 oppressisset;
963 1332 1062 1392 neque

171 1388 242 1463 illis,
270 1391 323 1470 qui
349 1388 509 1451 victoriam
543 1390 646 1469 adepti
675 1390 783 1463 forent,
811 1390 926 1452 diutius
952 1412 990 1453 ea
1016 1394 1062 1454 uti

125 1471 311 1543 lolicuisset,
340 1470 414 1547 quin
448 1469 567 1531 defessis
601 1479 631 1531 et
665 1470 878 1550 exsanguibus,
906 1472 959 1551 qui
993 1472 1062 1613 {¹³⁰⁸
1177 1479 1178 1500 ²

171 1560 277 1631 posset,
291 1550 452 1630 imperium
466 1560 558 1629 atque
572 1550 743 1611 libertatem
758 1560 958 1631 extorqueret.
1031 1574 1062 1613 u·

172 1652 221 1692 ere
244 1641 347 1692 tamen
371 1640 459 1692 extra
483 1631 721 1711 conjurationem
746 1632 924 1712 complures,
945 1634 999 1713 qui
1022 1634 1062 1695 ad
1177 1633 1178 1664 ³

172 1712 337 1773 Catilinam
359 1712 446 1772 initio
467 1712 594 1791 profecti
614 1721 701 1785 sunt3
725 1712 758 1771 in
778 1712 821 1773 eis
840 1721 906 1774 erat
926 1712 967 1774 A.
989 1712 1061 1787 Ful-

171 1794 248 1866 vius,
262 1793 408 1853 senatoris
428 1790 516 1864 filius,
532 1812 621 1872 quem
641 1801 804 1853 retractum
825 1813 865 1853 ex
886 1793 994 1855 itinere
1012 1815 1062 1875 pa·

125 1875 163 1935 20
173 1895 240 1934 rens
254 1874 356 1935 necari
366 1873 464 1953 jussit.
507 1872 608 1933 Isdem
622 1872 808 1953 temporibus
822 1872 938 1935 Romae
948 1875 1061 1937 Lentu·

172 1955 228 2027 lus,
242 1954 332 2016 sicuti
347 1954 480 2015 Catilina
493 1962 697 2033 praeceperat,
711 1974 915 2034 quoscumque
928 1956 1062 2017 moribus

171 2044 225 2095 aut
249 2035 373 2096 fortuna
396 2035 481 2096 novis
506 2034 595 2095 rebus
618 2034 739 2095 idoneos
759 2034 910 2109 credebat,
931 2045 986 2097 aut
1009 2057 1062 2116 per
1174 2041 1178 2080 l

170 2136 202 2176 se
222 2124 276 2175 aut
296 2136 350 2195 per
371 2112 444 2175 alios
465 2114 658 2187 sollieitabat,
672 2134 769 2194 neque
787 2113 886 2175 solum
907 2116 997 2190 cives,
1011 2116 1062 2178 sed
1175 2119 1177 2190 ᾗ

171 2197 316 2276 cujusque
339 2196 420 2256 modi
445 2216 539 2275 genus
566 2195 731 2268 hominum,
757 2195 838 2274 quod
865 2196 954 2257 modo
983 2196 1062 2259 bello

124 2277 162 2336 25
172 2274 240 2337 usui
254 2277 338 2338 foret.

213 2356 264 2418 40.
287 2356 387 2436 Igitur
400 2356 435 2416 P.
450 2354 609 2417 Umbreno
628 2355 749 2416 cuidam
769 2356 925 2435 negotium
939 2358 1002 2432 dat,
1016 2359 1062 2419 uti

172 2437 286 2517 legatos
320 2437 521 2515 Allobrogum
557 2436 701 2514 requirat,
739 2455 855 2515 eosque,
893 2437 918 2497 si
960 2439 1062 2517 possit,

171 2516 309 2597 impellat
337 2517 376 2577 ad
403 2518 574 2577 societatem
610 2515 692 2588 belli,
719 2516 907 2577 existumans
940 2518 1063 2597 publice

172 2598 375 2678 privatimque
399 2616 467 2658 aere
491 2596 589 2657 alieno
614 2616 775 2676 oppressos,
796 2606 960 2675 praeterea,
982 2600 1062 2679 quod

125 2680 164 2739 30
173 2687 285 2739 natura
311 2698 384 2756 gens
411 2676 532 2737 Gallica
559 2676 703 2737 bellicosa
726 2686 809 2750 esset,
830 2678 920 2739 facile
946 2700 997 2740 eos
1024 2680 1062 2740 ad

172 2759 234 2819 tale
258 2758 416 2820 consilium
443 2758 554 2818 adduci
577 2778 670 2837 posse.
712 2755 897 2832 Umbrenus,
921 2760 1004 2838 quod
1031 2760 1062 2820 in

174 2838 280 2899 Gallia
299 2837 470 2918 negotiatus
490 2847 564 2910 erat,
578 2838 730 2918 plerisque
750 2838 937 2918 principibus
958 2839 1063 2903 civita·

172 2920 250 2980 tium
277 2928 366 2979 notus
394 2927 459 2979 erat
486 2927 577 2997 atque
604 2938 653 2978 eos
680 2926 814 2979 noverat.
862 2918 972 2999 Itaque
998 2922 1063 2983 sine

172 3021 267 3074 mora,
281 2998 334 3059 ubi
353 3000 485 3079 primum
507 2998 620 3077 legatos
634 2999 666 3058 in
680 2999 746 3059 foro
760 3000 926 3079 conspexit,
939 3021 1063 3080 percon·

125 3082 163 3140 35
172 3090 254 3142 tatus
275 3101 373 3159 pauca
393 3080 430 3140 de
450 3088 531 3139 statu
553 3079 694 3151 civitatis,
716 3088 746 3139 et
765 3080 852 3158 quasi
871 3080 976 3142 dolens
1000 3084 1063 3162 ejus
1170 3147 1173 3154 ,

173 3181 285 3232 casum,
306 3161 459 3237 requirere
480 3159 586 3236 coepit,
609 3178 698 3235 quem
719 3159 836 3219 exitum
856 3162 951 3222 tantis
975 3162 1062 3223 malis

174 3248 337 3319 sperarent.
379 3238 544 3314 Postquam
569 3235 638 3295 illos
661 3238 745 3298 videt
767 3240 852 3315 queri
873 3240 910 3300 de
931 3243 1064 3304 avaritia

174 3319 415 3395 magistratuum,
430 3335 570 3375 accusare
591 3325 738 3387 senatum,
753 3319 833 3395 quod
855 3319 887 3378 in
908 3340 943 3380 eo
964 3322 1064 3382 auxili

173 3398 250 3455 nihil
271 3405 355 3466 esset,
377 3395 502 3454 miseriis
522 3394 582 3452 suis
603 3394 770 3454 remedium
794 3407 921 3458 mortem
942 3421 1061 3482 exspec
