2392 3692
318 136 372 184 nr
395 136 681 189 corruanrronr
701 138 912 190 crrrrrrmr.
1020 125 1083 188 105

147 318 195 358 me
215 297 334 357 animus
354 295 445 369 fallit,
458 306 489 358 et
510 319 562 360 vos
582 297 696 359 servire
716 298 812 377 magis
832 319 925 379 quam
945 299 1037 379 impe

146 398 214 439 rare
227 377 328 457 parati
341 376 439 437 estis.''

186 459 231 521 21.
255 458 421 536 Postquam
442 477 592 537 accepere*
604 479 640 518 ea
659 458 804 532 homines,
824 458 934 538 quibus
954 459 1036 520 mala

145 538 266 599 abunde
286 538 388 599 omnia
406 547 503 612 erant,
518 539 569 599 sed
583 560 681 618 neque
694 560 741 600 res
755 560 853 618 neque
871 560 939 618 spes
956 539 1036 600 bona

144 619 219 693 ulla,
240 620 361 680 tametsi
381 618 442 679 illis
462 620 566 698 quieta
585 640 706 681 movere
726 640 838 699 magna
858 639 971 680 merces
991 621 1035 681 vi·
1063 622 1083 680 5

142 700 283 774 debatur,
297 709 400 760 tamen
420 699 612 780 postulavere
631 701 776 780 plerique,
790 709 826 762 ut
845 709 1034 780 proponeret,

143 801 222 860 quae
243 781 378 842 condicio
398 779 472 841 belli
492 780 579 854 foret,
594 801 672 859 quae
687 781 824 860 praemia
843 781 936 841 armis
955 789 1035 860 pete

143 871 222 933 rent,
237 861 311 940 quid
324 861 437 940 ubique
451 860 515 940 opis
535 869 589 922 aut
608 862 672 940 spei
687 861 843 922 haberent.
885 860 964 921 Tum
977 861 1034 922 Ca·

142 942 234 1001 tilina
254 941 391 1021 polliceri
412 941 533 1003 tabulas
553 961 656 1014 novas,
677 940 926 1020 proscriptionem
953 942 1033 1002 locu-

142 1022 280 1101 pletium,
295 1023 498 1102 magistratus,
513 1022 690 1095 sacerdotia,
703 1022 835 1100 rapinas,
848 1021 910 1082 alia
923 1023 1034 1096 omnia,
1044 1023 1082 1084 lo

142 1123 222 1182 quae
235 1102 352 1163 bellum
365 1112 457 1182 atque
472 1102 576 1164 lubido
590 1103 741 1164 victorum
761 1102 829 1163 fert.
871 1102 1034 1164 Praeterea

141 1203 205 1243 esse
229 1183 261 1242 in
285 1182 437 1262 Hispania
458 1183 594 1244 citeriore
614 1184 763 1256 Pisonem,
783 1183 816 1242 in
840 1182 1034 1244 Mauretania

141 1284 214 1324 cum
226 1263 361 1325 exercitu
376 1263 411 1323 P.
425 1261 551 1324 Sittium
565 1263 764 1336 Nucerinum,
778 1263 884 1324 consili
903 1264 950 1323 sui
966 1285 1034 1344 pur·

140 1343 265 1422 ticipes;
286 1353 387 1422 petere
408 1343 598 1404 consulatum
619 1344 653 1404 C.
674 1344 855 1416 Antonium,
869 1363 959 1422 quem
975 1344 1034 1406 sibi

142 1423 220 1485 colle
261 1445 291 1484 m
315 1424 378 1484 iore
402 1433 545 1503 speraret,
566 1425 718 1484 hominem
741 1433 773 1485 et
795 1423 978 1485 familiarem
1000 1426 1081 1486 et15

141 1504 227 1565 omni
249 1525 284 1564 us
302 1503 571 1566 necessitudinibus
592 1505 850 1577 circumventum
872 1525 941 1566 cum
954 1526 1034 1566 eose

141 1584 296 1646 consulem
304 1585 425 1645 initium
435 1585 550 1664 agundi
560 1585 722 1646 facturum.
764 1585 817 1646 Ad
825 1586 883 1647 hoc
893 1585 1033 1648 maledic·

141 1666 182 1726 tis
203 1665 380 1744 increpabat
400 1686 503 1726 omnes
522 1665 624 1738 bonos,
638 1686 762 1726 sucrum
775 1687 1034 1745 unumquemque

141 1746 302 1806 nominem
316 1745 458 1818 laudare3
473 1746 655 1806 admonebat
670 1746 764 1806 alium
778 1747 927 1826 egestatis,
938 1746 1032 1807 alium

142 1826 319 1904 cupiditatis
339 1845 419 1898 suae,
434 1826 602 1905 complures
622 1827 749 1907 periculi
769 1835 823 1887 aut
843 1828 1081 1906 ignominiae‚20

141 1906 255 1967 multos
268 1906 413 1968 victoriae
426 1905 578 1979 Sullanae,
593 1907 703 1986 quibus
723 1927 760 1968 ea
780 1907 910 1986 praedae
923 1908 1030 1970 fuerat.

142 1987 309 2066 Postquam
318 1987 452 2047 omnium
461 1987 575 2048 animos
585 1987 700 2048 alacres
709 1988 801 2060 videt,
811 1988 984 2049 cohortatus
1000 1998 1033 2050 ut

141 2068 319 2148 petitionem
332 2087 418 2127 suam
432 2087 521 2128 curae
535 2068 692 2141 haberent,
706 2077 888 2130 conventum
902 2069 1024 2130 dimisit.

184 2148 235 2210 22.
257 2147 356 2208 Fuere
376 2167 412 2208 ea
432 2155 610 2227 tempestate
630 2149 682 2226 qui
703 2149 846 2222 dicerent,
859 2147 1033 2223 Catilinam,

144 2229 279 2289 oratione
294 2226 407 2300 habita,
423 2248 492 2288 eum
512 2229 551 2288 ad
568 2229 784 2307 jusjurandum
800 2229 961 2308 populares
973 2252 1032 2292 sce
1041 2232 1080 2292 25

144 2309 215 2370 leris
235 2309 281 2368 sui
301 2309 445 2387 adigeret,
466 2307 593 2368 humani
614 2311 745 2389 corporis
764 2311 942 2389 sanguinem
961 2312 1033 2372 vino

142 2389 330 2468 permixtum
349 2390 382 2449 in
402 2389 514 2468 pateris
535 2389 771 2460 circumtulisse;
792 2391 863 2450 inde
881 2412 950 2452 eum
966 2401 1033 2471 post

142 2469 379 2530 exsecrationem
407 2489 509 2530 omnes
535 2470 783 2548 degustavissent,
803 2471 892 2532 sicuti
919 2473 951 2531 in
976 2473 1033 2532 sol-

142 2548 294 2610 lemnibus
317 2549 410 2610 sacris
433 2549 498 2610 lieri
511 2551 685 2623 consuevit,
706 2552 857 2630 aperuisse
875 2551 1031 2613 consilium

141 2649 241 2701 suum,
256 2637 347 2707 atque
367 2649 402 2689 eo
422 2629 561 2690 dictitare
581 2630 767 2710 fecisseque
786 2632 867 2692 inter
886 2653 917 2693 se
937 2633 1033 2711 magis
1042 2634 1081 2693 30

142 2709 197 2769 lidi
222 2708 329 2781 forent,
350 2708 428 2769 alius
448 2709 502 2769 alii
522 2711 602 2770 tanti
625 2711 767 2773 facinoris
790 2713 908 2773 conscii.
950 2711 1032 2772 Nou-

142 2787 223 2850 nulli
239 2788 312 2850 ficta
330 2797 361 2848 et
382 2789 456 2850 haec
477 2799 507 2850 et
527 2790 626 2851 multa
639 2801 794 2870 praeterea
807 2793 1033 2854 existumabant

141 2869 183 2931 ab
204 2869 255 2941 eis,
270 2868 322 2948 qui
342 2868 494 2930 Ciceronis
514 2871 669 2944 invidiam,
683 2892 762 2951 quae
774 2882 878 2951 postea
895 2882 963 2935 orta
978 2884 1032 2947 est,

142 2950 239 3023 leniri¹
257 2948 420 3010 credebant
444 2951 604 3012 atrocitate
626 2952 746 3014 sceleris
766 2973 878 3026 eorum,
892 2954 945 3033 qui
965 2975 1032 3033 poe-

141 3051 198 3092 nas
213 3029 367 3091 dederant.
408 3028 504 3091 Nobis
518 3051 554 3092 ea
567 3053 614 3092 res
628 3053 683 3112 pro
696 3032 904 3112 magnitudine
923 3055 1032 3114 parum
1041 3037 1078 3095 35

142 3117 298 3190 comperta
310 3117 363 3170 est.

183 3191 234 3254 23.
255 3189 316 3252 Sed
336 3190 368 3250 in
389 3211 424 3251 ea
445 3193 650 3271 conjuratione
670 3192 730 3253 fuit
751 3194 789 3268 Q.
811 3194 929 3265 Curius,
942 3203 1033 3254 uatus

142 3271 228 3332 haud
242 3270 369 3332 obscuro
383 3271 456 3343 loco,
471 3271 594 3349 flagitiis
608 3282 699 3349 atque
713 3272 896 3332 facinoribus
910 3275 1030 3346 cooper-

142 3361 203 3425 tus,
223 3370 314 3430 quem
335 3370 469 3412 censores
489 3359 595 3411 senatu
619 3350 722 3429 probri
745 3349 845 3426 gratia
864 3355 1030 3407 moverant.
