2392 3692
330 127 687 210 111101111111011
711 128 916 178 1111111111.
1026 116 1088 180 121

152 310 262 352 verum
282 289 431 368 providet,
452 288 505 348 ubi
525 288 580 348 illa
600 288 745 360 officiunt,
765 308 861 367 neque
906 289 1043 368 uinquam

154 370 291 431 omnium
313 369 443 429 lubidini
463 368 553 429 simul
573 377 603 429 et
624 369 692 429 usui
712 369 822 448 paruit.
863 368 895 430 U
917 370 928 429 i
947 371 1044 431 inten-

153 452 235 512 deris
256 450 420 528 ingenium,
439 449 538 521 valet;
559 450 584 509 si
608 449 714 509 lubido
736 449 875 529 possidet,
895 470 932 510 ea
951 451 1043 512 domi-

153 541 256 604 natur,
281 530 401 590 animus
424 530 502 589 nihil
526 530 618 591 valet.
660 526 776 610 Magna
796 530 872 590 mihi
892 531 980 609 copia
999 541 1043 591 est

154 611 351 682 memorandi,
365 619 466 689 patres
480 611 651 689 conscripti,
665 611 718 689 qui
736 631 820 689 reges
834 620 925 689 atque
938 612 1043 690 populi
1072 613 1091 671 5

153 694 202 752 ira
215 701 270 752 aut
284 691 487 752 misericordia
507 689 630 769 impulsi
650 690 730 752 male
749 692 972 764 consuluerint;
991 693 1044 752 sed

153 794 192 834 ea
205 773 286 833 malo
300 772 407 845 dicere,
419 792 496 851 quae
511 773 638 851 majores
650 772 745 832 nostri
758 781 863 833 contra
876 772 1044 832 lubidinem

153 854 250 914 animi
264 854 311 913 sui
325 861 405 913 recte
419 861 509 931 atque
524 852 629 913 ordine
649 852 753 913 fecere.
795 852 884 913 Bello
903 853 1043 913 Macedo

153 935 233 1007 nico,
260 934 341 1013 quod
369 954 438 994 cum
465 953 535 1012 rege
562 932 654 993 Perse
673 934 826 1011 gessimus,
854 932 1043 994 Rhodiorum

153 1015 271 1087 civitas,
286 1034 397 1092 magna
411 1023 502 1093 atque
516 1013 687 1092 magnifica,
701 1034 780 1092 quae
793 1014 898 1093 populi
912 1014 1043 1074 Romani
1053 1015 1091 1075 10

153 1094 261 1175 opibus
290 1104 434 1167 creverat,
459 1093 553 1154 infida
580 1103 671 1172 atque
699 1094 828 1155 advorsa
854 1094 940 1155 nobis
967 1094 1042 1166 fuit;

152 1176 207 1237 sed
230 1183 387 1255 postquam
408 1174 489 1235 111110
510 1174 646 1236 confecto
666 1174 705 1235 de
725 1173 852 1235 Rhodiis
873 1175 1044 1236 consultum

152 1265 209 1329 est,
227 1257 354 1336 majores
375 1256 477 1328 nostri,
491 1276 530 1316 ne
550 1256 618 1335 quis
638 1254 815 1317 divitiarum
836 1256 932 1333 magis
952 1276 1043 1334 quam

152 1338 196 1416 inj
201 1336 284 1397 uriae
295 1356 385 1397 causa
395 1336 510 1403 bellum
521 1336 675 1415 inceptum
686 1336 808 1408 diceret,
819 1336 981 1414 impunitos
995 1358 1044 1397 eos

151 1418 302 1478 dimisere.
345 1416 423 1477 Item
444 1416 530 1477 bellis
551 1416 674 1477 Punicis
698 1416 845 1487 omnibus,
866 1437 936 1477 cum
956 1420 1090 1495 saepe15

151 1497 416 1577 Carthaginienses
443 1506 473 1557 et
500 1498 533 1556 in
560 1518 635 1575 pace
662 1505 692 1557 et
719 1517 773 1576 per
794 1497 927 1557 indutias
947 1498 1044 1557 multa

152 1578 272 1639 nefaria
285 1578 420 1639 facinora
438 1577 584 1649 fecissent,
600 1598 767 1656 numquam
780 1578 837 1655 ipsi
851 1598 905 1656 per
918 1579 1043 1639 occasio

151 1680 223 1719 nem
242 1659 318 1719 talia
336 1659 448 1730 fecere;
470 1658 574 1737 magis,
589 1658 663 1736 quid
676 1678 707 1718 se
721 1658 848 1736 dignum
861 1658 938 1718 foret
952 1678 1043 1736 quam

152 1740 228 1819 quid
242 1740 274 1798 in
288 1739 356 1799 illos
365 1739 435 1818 jure
448 1738 514 1798 fieri
528 1747 634 1817 posset,
649 1736 842 1817 quaerebant.
886 1738 956 1799 Hoc
970 1739 1042 1799 item

152 1821 239 1880 vobis
263 1819 484 1898 providendum
512 1827 565 1891 est,
590 1828 691 1897 patres
718 1818 888 1897 conscripti,
913 1840 952 1879 ne
975 1820 1043 1898 plus
1052 1821 1091 1880 20

152 1900 237 1980 apud
249 1920 301 1960 vos
310 1899 412 1961 valeat
426 1900 461 1960 P.
476 1898 601 1961 Lentuli
615 1908 646 1959 et
660 1908 827 1960 ceterorum
840 1898 936 1959 scelus
951 1921 1043 1977 quam

152 1989 256 2043 vostra
277 1980 425 2059 dignitas;
446 2000 504 2039 neu
519 1980 615 2059 magis
629 1981 692 2040 irae
705 1989 824 2042 vostrae
838 2000 930 2057 quam
944 1980 1043 2041 famae

153 2060 325 2123 consulatis.
367 2060 449 2120 Nam
470 2060 495 2120 si
515 2060 609 2139 digna
629 2081 726 2139 poena
749 2081 804 2139 pro
828 2061 916 2121 factis
939 2081 1043 2121 eorum

152 2142 311 2221 reperitur,
326 2161 440 2202 novum
457 2140 615 2201 consilium
633 2140 784 2220 approbo;
805 2141 851 2200 sin
865 2142 1043 2220 magnitudo

152 2223 272 2283 sceleris
286 2222 420 2281 omnium
435 2221 557 2300 ingenia
570 2230 741 2301 exsuperat,
755 2222 798 2281 eis
814 2222 962 2282 utendum
977 2243 1041 2283 oen·
1053 2225 1091 2284 25

153 2324 212 2374 seo,
227 2322 304 2380 quae
323 2301 440 2380 legibus
460 2310 635 2380 comparata
654 2310 733 2361 sunt.
775 2301 916 2380 Plerique
930 2324 1043 2376 eorum,
1128 2344 1132 2349 ι

154 2384 207 2462 qui
232 2391 302 2443 ante
327 2402 374 2442 me
397 2382 561 2442 sententias
584 2382 738 2454 dixerunt,
764 2383 925 2462 composite
952 2393 1042 2464 atque

154 2462 313 2541 magnifice
338 2482 440 2523 casum
465 2462 508 2523 rei
532 2462 673 2541 publicae
693 2463 826 2523 miserati
849 2473 938 2536 sunt;
966 2486 1043 2543 quae

154 2544 229 2605 belli
252 2543 378 2625 saevitia
402 2552 485 2616 esset,
507 2563 584 2622 quae
604 2543 692 2604 victis
720 2544 899 2617 acciderent,
924 2566 1043 2607 enume-

155 2645 279 2694 ravere;
307 2624 374 2703 rapi
394 2624 534 2703 virgines,
555 2644 673 2702 pueros,
694 2624 800 2685 divelli
821 2624 929 2686 liberos
953 2647 973 2686 a
992 2648 1043 2706 pa·
1053 2630 1092 2689 30

155 2714 276 2766 rentum
304 2704 473 2783 complexu,
501 2712 613 2764 matres
646 2704 831 2765 familiarum
865 2708 939 2784 pati,
967 2728 1044 2785 qnae

156 2785 320 2848 victoribus
348 2784 560 2858 collibuissent,
581 2784 654 2845 fana
675 2794 766 2863 atque
787 2786 888 2846 domos
912 2787 1043 2866 spoliari,

156 2866 287 2939 caedem,
301 2865 440 2926 incendia
461 2864 536 2937 fieri,
551 2874 700 2942 postremo
720 2867 820 2938 armis,
835 2867 1042 2942 cadaveribus,
1093 2893 1096 2898 ·

156 2966 261 3007 cruore
283 2950 373 3024 atque
394 2944 479 3005 luctu
501 2946 603 3004 omnia
623 2946 774 3025 compleri.
817 2946 886 3019 Sed,
901 2970 955 3027 per
974 2949 1044 3010 deos

156 3025 349 3098 immortales,
370 3046 430 3104 quo
450 3024 504 3084 illa
525 3026 621 3085 oratio
641 3027 807 3105 pertinuit?
848 3027 901 3087 An
925 3030 971 3088 uti
992 3051 1044 3091 vos
1054 3029 1091 3089 35

86 3182 92 3189 Ι
156 3106 279 3167 infestos
313 3105 515 3185 conjurationi
549 3104 682 3167 faceret?
732 3106 854 3168 Scilicet
882 3129 970 3186 quem
998 3130 1045 3169 res

156 3196 243 3247 tanta
256 3196 286 3246 et
299 3196 363 3246 tam
377 3195 467 3246 atrox
485 3206 545 3245 non
564 3187 722 3264 permovit,
735 3207 806 3247 eum
827 3189 922 3247 oratio
942 3209 1045 3249 accen·

158 3267 217 3327 (let.
260 3266 330 3326 Non
351 3266 395 3326 ita
413 3274 474 3337 est3
495 3285 592 3342 neque
614 3268 754 3342 cuiquam
775 3267 949 3323 mortalium
969 3269 1045 3343 inju-

159 3348 222 3409 riae
235 3366 306 3406 suae
321 3365 433 3424 parvae
447 3344 607 3404 videntur:
628 3344 717 3402 multi
737 3362 786 3400 eas
806 3342 929 3417 gravius
949 3363 1045 3418 aequo
