2392 3692
105 135 146 200 32
391 150 417 203 c
436 149 618 203 ssmnsrr
639 151 760 203 cnrsrr

153 308 314 371 inviolatos
334 330 396 372 sese
415 309 488 385 fore,
502 309 674 373 Adherbali
693 311 831 387 suadent,
844 313 890 374 uti
910 334 1000 394 seque
1013 323 1048 376 et

154 391 298 485 oppidum
312 391 334 452 J
335 391 486 472 ugurthae
504 393 625 466 tradat3
645 401 767 454 tantum
780 392 821 454 ab
834 414 870 454 eo
883 395 979 456 vitam
993 416 1049 474 pa-

154 480 301 545 ciscatur3
322 471 359 532 de
373 473 479 534 ceteris
498 474 619 534 senatui
640 494 731 535 curae
750 474 823 535 sore.
865 473 911 535 At
924 475 985 548 ille,
999 485 1047 536 ta-

154 552 242 612 metsi
262 552 362 613 omnia
382 553 500 632 potiora
519 554 579 615 fide
597 553 772 634 Jugurthae
792 554 926 628 rebatur,
940 564 1047 616 tamen

126 633 226 711 bquia
253 653 343 712 penes
370 634 497 708 eosdem,
524 635 550 695 si
583 635 807 709 advorsaretur,
835 636 975 714 cogundi·
993 657 1047 715 po

153 720 246 774 testas
272 721 346 787 erat,
370 715 423 788 ita,
447 715 494 775 uti
521 723 699 776 censuerant
723 715 834 789 Italici,
858 716 1044 776 deditionem

154 793 236 854 facit.
277 793 435 874 Jugurtha
449 795 481 855 in
494 797 600 875 primis
611 795 818 857 Adherbalem
833 797 1046 858 excruciatum

153 882 250 947 necat,
272 874 379 936 deinde
399 896 500 937 omnes
521 876 649 956 puberes
669 876 820 938 Numidas
844 885 936 956 atque
955 896 1046 956 nego

106 1035 144 1096 10
152 956 275 1095 tiatppies
289 956 464 1035 promiscue,
474 957 520 1017 uti
534 957 661 1036 quisque
674 957 800 1019 armatis
813 955 920 1020 obvius
932 957 1045 1032 firerat,

152 1037 214 1096 inte
253 1037 302 1097 cit.

192 1116 241 1178 2¹7.
265 1116 356 1193 Quod
376 1125 535 1197 postquam
556 1117 672 1180 Romae
693 1119 847 1198 cognitum
871 1128 924 1194 est,
944 1129 976 1180 et
995 1140 1046 1181 res

153 1197 186 1256 in
206 1205 311 1257 senatu
333 1197 443 1276 agitari
463 1208 577 1279 coepta,
592 1199 684 1260 iidem
700 1198 748 1259 illi
762 1200 893 1260 ministri
908 1201 986 1279 regis
998 1201 1045 1260 in·

154 1277 344 1356 terpcllando
371 1298 407 1339 ac
434 1299 522 1358 saepe
548 1281 657 1360 gratia,
678 1279 832 1340 interdum
853 1281 963 1360 jurgiis
983 1290 1045 1341 tra-

154 1357 253 1418 hendo
273 1365 400 1438 tempus,
422 1360 612 1421 atrocitatem
632 1361 706 1422 facti
730 1360 893 1422 leniebant.
934 1361 983 1422 Ac
1009 1363 1043 1421 ni

107 1437 188 1499 150.
211 1438 374 1500 Memmius
400 1439 541 1501 tribunus
568 1440 665 1520 plebis
692 1441 874 1521 designatus,
898 1441 947 1502 vir
973 1461 1045 1502 acer

154 1528 184 1580 et
198 1518 323 1580 infestus
337 1521 489 1599 potentiae
509 1521 685 1595 nobilitatis,
700 1521 848 1601 populum
869 1521 1044 1583 Romanum

154 1600 319 1662 edocuisset
332 1601 363 1662 id
378 1601 436 1680 agi,
450 1610 486 1662 ut
506 1622 560 1681 per
580 1623 691 1681 paucos
711 1603 850 1664 factiosos
868 1602 1044 1682 «Iugurthae

154 1681 250 1743 scelus
275 1681 505 1754 condonaretur,
525 1682 661 1762 profecto
685 1685 781 1744 omnis
805 1683 921 1744 invidia
945 1683 1043 1763 prola

153 1762 254 1823 tandis
275 1762 546 1824 consultationibus
560 1763 679 1844 dilapsa
692 1763 788 1824 foret:
809 1771 896 1824 tanta
909 1763 956 1824 vis
975 1784 1043 1842 gra-

107 1841 214 1904 actiae
241 1852 332 1924 atque
360 1844 505 1923 pecuniae
532 1844 611 1924 regis
638 1853 711 1906 crat
751 1842 811 1905 Sed
839 1843 893 1904 ubi
919 1853 1043 1905 senatus

153 1923 257 1985 delicti
281 1924 462 1985 conscientia
484 1924 630 2004 populum
654 1926 750 1999 timet,
775 1923 841 2004 lege
864 1924 1043 2004 Sempronia

152 2005 326 2083 provinciae
346 2004 456 2065 futuris
477 2005 649 2066 consulibus
670 2005 818 2067 Numidia
837 2014 929 2086 atque
950 2005 1043 2066 Italia

152 2085 307 2160 decretae3
322 2085 458 2148 consules
471 2085 617 2147 declarati
631 2086 665 2147 P.
680 2085 781 2164 Scipio
791 2086 912 2159 Nasica,
922 2086 958 2147 L.
971 2085 1043 2146 Bes·

152 2166 197 2226 tia
214 2164 417 2246 Calpurnius:
438 2165 606 2246 Calpurnio
625 2166 780 2241 Numidia,
795 2166 929 2246 Scipioni
949 2166 1043 2228 Italia

105 2245 285 2307 250bvenit.
327 2246 446 2308 Deinde
469 2248 629 2320 exercitus,
670 2249 703 2308 ui
726 2248 759 2308 in
780 2246 919 2308 Africam
943 2256 1042 2327 porta·

153 2335 244 2400 retur,
258 2327 419 2401 scribitur3
441 2327 625 2407 stipendium
642 2269 770 2408 alliaque,
788 2348 865 2407 quae
879 2327 960 2389 bello
973 2329 1041 2389 usui

154 2407 262 2481 forent,
276 2408 489 2470 decernuntur.

192 2489 241 2551 28.
266 2487 311 2549 At
337 2488 504 2570 Jugurtha,
532 2497 638 2550 contra
663 2510 747 2570 spem
773 2489 881 2550 nuntio
908 2498 1041 2568 accepto,

152 2569 264 2648 quippe
284 2569 334 2631 cui
354 2569 470 2631 Romae
491 2570 593 2630 omnia
607 2590 719 2631 venum
738 2570 784 2631 ire
804 2571 836 2630 in
857 2570 958 2631 animo
971 2570 1041 2630 hee·

105 2649 144 2710 30
152 2657 240 2722 serat,
255 2649 352 2710 filium
373 2659 403 2711 et
424 2671 493 2712 oum
513 2671 549 2712 eo
570 2651 645 2712 duos
666 2651 829 2712 familiares
846 2651 885 2711 ad
902 2658 1040 2711 senatum

152 2729 266 2810 legatos
286 2730 389 2804 mittit,
410 2731 519 2811 eisque,
540 2732 586 2792 uti
609 2732 677 2805 illis,
702 2752 775 2811 quos
797 2731 975 2810 Hiempsale
997 2731 1040 2791 in-

151 2810 276 2872 terfecto
297 2812 427 2886 miserat,
448 2811 605 2892 praecipit,
626 2833 727 2873 omnes
751 2811 892 2872 mortales
912 2811 1041 2890 pecunia

151 2892 377 2971 aggrediantur.
421 2892 484 2969 Qui
497 2902 657 3033 postelluam
672 2894 801 2954 Romam
822 2891 1039 2965 adventabant,

151 2981 272 3034 senatus
299 2993 318 3034 a
345 2971 449 3034 Bestia
476 2982 631 3035 consutus
658 2983 711 3047 est,
730 2974 903 3054 placeretne
927 2973 1041 3053 legatos

105 3053 143 3112 35
152 3051 327 3133 «Iugurthae
358 3054 451 3133 recipi
485 3055 651 3128 moenibus,
678 3055 759 3133 iique
786 3056 955 3126 decrevere,
983 3053 1040 3113 nisi

152 3155 278 3213 regnum
299 3134 457 3214 ipsumque
478 3135 615 3196 deditum
635 3136 794 3205 venissent,
816 3136 862 3195 uti
883 3135 915 3194 in
936 3133 1042 3196 diebus

152 3214 310 3292 proxumis
336 3214 439 3275 decem
468 3213 561 3274 Italia
587 3214 774 3276 decederent.
829 3214 943 3276 Consul
977 3213 1041 3274 Nu-

153 3294 240 3354 midis
254 3315 293 3354 ex
306 3302 427 3354 senatus
446 3293 565 3354 decreto
586 3295 722 3355 nuntiari
738 3293 844 3373 jubet:
866 3296 909 3355 ita
922 3294 1041 3354 infectis

153 3373 241 3434 rebus
268 3372 315 3433 illi
342 3373 465 3434 domum
492 3374 659 3434 discedunt.
702 3373 828 3434 Interim
856 3374 1042 3454 Calpurnius
