2392 3692
329 137 383 186 on
405 137 688 189 corrccarrorrr
709 138 915 190 carrrrrrsr.
1049 127 1091 192 ot

154 297 262 360 civitas
290 296 467 359 incredibile
500 305 668 359 memoratu
696 306 741 359 est
767 299 878 379 adepta
904 298 1044 362 libertate

153 387 306 458 quantum
327 378 412 439 brevi
434 378 578 451 creverit;
599 387 688 439 tanta
700 379 811 458 cupido
824 379 939 458 gloriae
951 382 1043 442 inces-

153 468 242 520 serat.
285 457 358 520 Jarn
372 459 506 538 primum
515 459 671 538 juventus,
684 459 774 520 simul
789 479 825 521 ac
839 459 913 520 belli
926 462 1044 540 patiens

153 549 228 614 erat,
249 540 282 600 in
304 539 408 601 castris
428 559 483 619 per
502 537 638 600 laborem
658 559 714 600 usu
736 539 877 601 militiam
900 540 1042 616 discebat,

153 621 311 700 magisque
325 621 356 681 in
371 620 486 681 decoris
498 620 590 681 armis
604 629 635 680 et
649 619 833 681 militaribus
852 622 935 700 equis
951 642 1043 701 quam
1072 626 1091 684 5

153 702 184 761 in
198 702 306 762 scortis
319 709 410 780 atque
424 700 570 761 conviviis
591 699 759 761 lubidinem
779 700 941 763 habebant.
984 702 1044 782 Igi-

153 790 204 842 tur
217 781 333 843 talibus
346 782 419 844 viris
439 801 500 842 non
521 780 609 841 labor
628 781 775 855 insolitus,
788 803 850 842 non
863 781 947 843 locus
963 783 1044 844 ullus

153 883 241 942 asper
262 870 317 922 aut
337 863 450 923 arduus
469 870 544 935 erat,
558 881 619 922 non
640 870 775 923 armatus
795 862 888 922 hostis
904 862 1043 925 formido

153 941 251 1003 loeus:
273 943 372 1004 virtus
392 944 494 1004 omnia
513 943 681 1003 domuerat.
723 941 782 1003 Sed
803 942 917 1022 gloriae
938 964 1043 1004 maxu-

153 1043 237 1083 mum
258 1031 410 1084 certamen
430 1024 509 1084 inter
530 1023 609 1104 ipsos
627 1030 711 1084 erat:
732 1023 776 1085 sic
788 1043 820 1084 se
833 1023 958 1117 quisque
978 1024 1091 1086 hole

153 1112 213 1164 tem
242 1103 340 1177 ferire,
361 1123 483 1165 murum
510 1103 700 1177 adscendere,
720 1104 861 1183 conspici,
881 1104 954 1164 dum
981 1106 1043 1166 tale

153 1184 271 1245 facinus
285 1184 406 1258 faceret,
419 1185 618 1266 properabat;
639 1204 690 1245 eas
705 1183 838 1257 divitias,
851 1205 918 1244 eam
932 1185 1042 1245 bonam

153 1264 267 1325 famam
292 1285 492 1344 magnamque
515 1265 707 1326 nobilitatem
727 1264 886 1345 putabant.
927 1265 1043 1326 Laudis

154 1344 246 1418 avidi,
270 1345 415 1425 pecuniae
438 1345 578 1407 liberales
600 1354 704 1420 erant;
727 1345 857 1426 gloriam
880 1346 1042 1426 ingentem,

154 1425 276 1486 divitias
296 1426 435 1486 honestas
455 1426 607 1488 volebant.
648 1426 819 1488 Memorare
842 1447 958 1505 possem
978 1429 1042 1506 qui·
1052 1429 1090 1488 15

155 1505 210 1566 bus
229 1505 263 1565 in
284 1506 356 1566 locis
376 1526 534 1567 maxumas
553 1507 688 1569 hostium
708 1507 808 1588 copias
828 1507 958 1587 populus
982 1507 1040 1569 Ro

154 1606 261 1646 manus
281 1607 377 1666 parva
398 1607 490 1646 manu
511 1587 633 1662 fuderit,
647 1609 722 1668 quas
741 1588 830 1649 urbes
850 1596 961 1648 natura
979 1609 1043 1649 mu-

139 1667 232 1738 nitas
260 1667 423 1746 pugnando
451 1668 572 1747 ceperit,
593 1669 626 1728 ni
653 1689 690 1730 ea
716 1689 763 1730 res
790 1668 908 1749 longius
928 1689 983 1729 nos
1002 1669 1042 1731 ab

154 1747 273 1826 incepto
287 1747 429 1808 traheret.

195 1828 221 1890 8.
243 1827 301 1888 Sed
325 1827 459 1907 profecto
486 1828 610 1889 fortuna
634 1830 667 1889 in
690 1831 773 1890 omni
795 1850 829 1891 re
852 1830 1091 1903 dominatur320

116 1943 118 1948 ,
154 1927 190 1968 ea
210 1928 256 1968 res
277 1917 400 1969 cunctas
419 1929 459 1970 ex
480 1908 617 1970 lubidine
636 1909 732 2004 magis
753 1930 844 1989 quam
858 1931 896 1970 ex
910 1931 982 1972 vero
997 1932 1041 1970 ce·

155 1988 252 2049 lebret
273 1988 480 2068 obscuratque.
522 1988 755 2050 Atheniensrum
769 2010 815 2050 res
829 2000 938 2070 gestae,
952 1991 1041 2051 sicuti

154 2089 209 2149 ego
229 2077 371 2142 oestumo,
391 2069 464 2130 satis
484 2070 604 2149 amplae
624 2070 861 2149 magnificaeque
881 2072 973 2144 fuere,
993 2093 1041 2132 ve·

155 2169 222 2210 rum
236 2149 391 2229 aliquanto
405 2151 533 2211 minores
554 2159 657 2210 tamen
677 2171 770 2230 quam
790 2151 871 2211 fama
892 2152 1040 2214 feruntur.

155 2229 213 2291 Sed
234 2231 306 2309 quia
325 2250 490 2311 provenere
510 2230 553 2290 ibi
572 2231 754 2310 scriptorum
776 2252 886 2311 magna
910 2233 1039 2312 ingenia,
1050 2235 1089 2293 25

155 2331 208 2389 per
221 2319 370 2371 terrarum
388 2310 491 2371 orbem
505 2310 738 2371 Atheniensium
759 2311 841 2373 faeta
860 2334 915 2392 pro
936 2334 1040 2374 maxu-

155 2391 210 2450 mis
234 2390 434 2452 celebrantur.
476 2390 527 2451 Ita
550 2412 663 2466 eorum,
684 2392 738 2471 qui
757 2413 794 2452 ea
813 2393 918 2467 fecere,
942 2395 1041 2456 virtus

155 2479 241 2530 tanta
261 2470 399 2544 habetur,
420 2480 569 2551 quantum
589 2493 658 2532 earn
678 2472 779 2534 verbis
799 2483 923 2555 potuere
947 2476 1041 2535 extol-

155 2551 215 2611 lere
238 2551 395 2631 praeclara
418 2553 449 2612 in
471 2552 548 2612 enia.
590 2552 637 2613 At
659 2553 771 2632 populo
795 2555 932 2615 Romano
956 2577 1041 2616 num·

154 2651 244 2711 quam
272 2651 308 2692 ea
335 2633 421 2712 copia
481 2633 515 2705 it,
536 2633 609 2712 quia
636 2635 896 2713 prudentissumus
916 2638 1041 2716 quisque
1051 2639 1089 2698 30

154 2731 296 2772 maxume
316 2713 484 2792 negotiosus
505 2723 587 2786 erat;
612 2714 766 2794 ingenium
787 2736 875 2777 nemo
894 2717 958 2777 sine
979 2739 1041 2778 cor·

154 2812 225 2870 pore
234 2792 411 2866 exercebat;
425 2803 566 2873 optumus
577 2795 703 2874 quisque
716 2795 815 2857 facere
829 2818 920 2876 quam
934 2799 1040 2870 dicere,

153 2893 207 2933 sua
220 2872 260 2932 ab
274 2873 340 2933 aliis
354 2873 512 2934 benefacta
522 2875 642 2934 laudari
653 2896 744 2954 quam
758 2877 821 2956 ipse
835 2878 964 2938 aliorum
974 2899 1041 2939 nar-

154 2972 220 3013 rare
235 2952 375 3014 malebat.

193 3034 221 3094 9,
244 3031 343 3112 Igitur
356 3034 437 3095 domi
451 3035 637 3115 militiaeque
650 3036 722 3097 boni
737 3058 833 3098 mores
847 3038 1024 3099 colebantur
1033 3061 1040 3112 ;
1050 3039 1089 3099 35

154 3113 313 3174 concordia
333 3135 487 3188 maxuma,
508 3117 645 3176 minuma
664 3117 795 3178 avaritia
815 3128 897 3192 erat;
920 3121 972 3198 jus
991 3119 1042 3179 bo

154 3213 287 3272 numque
307 3195 388 3336 apud
409 3216 457 3256 eos
478 3217 538 3256 non
559 3196 677 3276 legibus
701 3199 797 3276 magis
818 3219 910 3277 quam
931 3209 1042 3261 natura

154 3272 284 3334 valebat.
349 3275 445 3354 urgia,
467 3276 640 3347 discordias,
660 3277 829 3336 simultates
856 3299 925 3337 cum
952 3279 1042 3338 hosti-

154 3353 210 3414 bus
230 3354 419 3426 exercebant,
434 3355 514 3416 civcs
535 3376 606 3414 cum
626 3355 742 3415 civibus
763 3356 800 3412 de
814 3355 928 3412 virtute
948 3365 1041 3414 certa·

263 3449 366 3502 7-Sal.
