2392 3692
380 190 435 238 na
454 189 574 239 111111
594 187 841 240 Juuuarnruo.
1036 175 1077 239 21

139 360 236 412 tremo
271 367 480 427 quaecumque
513 347 628 426 possint
661 345 822 426 largiundo
856 365 965 425 parare
994 367 1033 408 ne

140 437 333 492 cunctentur.
374 426 434 487 Sed
461 427 515 488 ubi
542 426 672 487 Romam
699 426 792 506 legati
812 447 923 489 venere
942 435 974 488 et
992 447 1032 487 ex

30 585 35 590 Ι
140 517 303 592 praecepto
324 507 403 586 regis
423 506 590 587 hospitibus
609 506 745 586 aliisque,
756 527 885 587 quorum
904 527 941 568 aa
958 517 1032 568 tem·

140 599 257 671 pestate
272 590 305 648 in
318 597 424 649 senatu
439 588 603 648 auctoritas
616 586 760 682 pollebat,
774 608 886 667 magna
903 609 1030 649 munera

140 673 258 742 misere,
278 678 366 729 tanta
393 669 588 728 commutatio
615 669 743 740 moessit,
764 677 800 728 ut
823 689 863 728 ex
886 688 1033 730 maxuma
1061 671 1079 728 5

140 751 259 814 invidia
279 750 312 810 in
332 749 461 828 gratiam
482 757 513 808 et
532 747 668 810 favorem
688 748 856 810 nobilitatis
874 748 1033 828 Jugurtha

140 833 278 904 venirct;
299 849 428 909 quorum
449 848 520 908 pars
539 849 601 908 spe,
615 828 669 889 alii
687 829 821 909 praemio
834 829 961 895 inducti.
974 830 1032 890 sin-

102 938 104 942 ·
140 913 229 992 gulos
242 932 283 972 ex
297 919 403 971 senatu
417 909 583 970 ambiundo
596 909 782 984 nitebantur,
796 931 835 971 ne
855 911 978 990 gravius
999 911 1031 970 in

140 1013 211 1054 eum
233 991 446 1053 consuleretur.
488 989 588 1071 Igitur
603 989 656 1050 ubi
669 989 763 1069 legati
775 991 848 1052 satis
867 991 1031 1063 confidunt,

141 1074 191 1134 die
206 1072 371 1133 constituto
391 1079 512 1132 senatus
530 1071 666 1150 utrisque
679 1071 779 1132 datur.
820 1070 900 1131 Tum
912 1071 1081 1134 Adher-10

141 1153 243 1215 halem
257 1152 315 1214 hoc
329 1152 417 1213 modo
431 1151 567 1213 locutum
581 1151 759 1230 accepimus.

181 1236 226 1296 14
249 1233 384 1294 “Patres
408 1233 577 1312 conscripti,
600 1232 730 1312 Micipsa
753 1242 842 1311 pater
864 1253 947 1293 meus
972 1253 1032 1293 mo

141 1316 222 1376 ricus
247 1313 323 1374 mihi
346 1314 508 1393 praecepit,
533 1313 579 1374 uti
602 1313 688 1393 regni
711 1311 877 1374 Numidiae
899 1322 1032 1374 tautum·

141 1397 232 1457 modo
259 1394 501 1474 procurationem
526 1394 741 1455 existumarem
768 1403 1031 1466 11111111111111

145 1477 197 1556 jus
211 1485 243 1536 et
256 1475 419 1570 imperium
437 1475 501 1555 ejus
514 1495 605 1554 penes
619 1495 672 1536 vos
691 1494 770 1548 1111;
790 1473 881 1534 simul
902 1475 1032 1536 eniterer
1042 1475 1080 1534 15

141 1557 226 1618 domi
249 1555 436 1634 mihtiaeque
460 1575 553 1633 quam
580 1574 725 1616 maxumo
744 1555 813 1614 usui
833 1575 896 1614 1111
919 1556 1032 1636 populo

142 1637 299 1710 Romano;
320 1656 375 1698 vos
394 1635 470 1695 mihi
491 1644 697 1715 cognatorum,
718 1655 772 1696 vos
795 1635 942 1696 adfinium
966 1635 1032 1696 loco

142 1718 300 1779 ducerem:
322 1717 348 1777 si
372 1736 408 1778 ea
430 1716 573 1789 fecissem,
592 1717 625 1775 in
644 1723 747 1777 vostra
766 1716 900 1776 amicitia
920 1717 1032 1777 exerci-

141 1808 218 1872 tum,
227 1798 359 1870 divitias,
369 1797 556 1857 munimenta
565 1797 651 1876 regni
660 1817 708 1857 me
716 1795 901 1857 habiturum.
943 1796 1033 1873 Quae

142 1901 214 1941 cum
241 1887 403 1959 praecepta
429 1878 563 1957 parentis
589 1878 649 1938 mei
680 1877 837 1956 agitarem,
865 1876 1080 1956 Jugurtha,20

142 1960 233 2021 homo
253 1959 388 2019 omnium
408 1978 482 2037 quos
506 1967 588 2018 terra
614 1957 742 2019 sustinet
768 1957 1031 2031 sceleratissumus,

142 2048 316 2119 contempto
336 2038 462 2118 imperio
482 2047 591 2111 vostro,
613 2038 790 2099 Masinissae
817 2059 865 2099 me
891 2059 929 2099 ne
969 2047 1031 2100 tem

141 2129 173 2184 et
189 2122 256 2202 jam
276 2120 316 2180 ab
336 2120 428 2198 stirpe
447 2119 562 2180 socium
583 2127 675 2197 atque
694 2118 826 2180 amicum
846 2119 949 2199 popu‘
972 2120 1032 2180 Ro

142 2202 226 2262 mani
253 2221 345 2280 regno
372 2199 560 2279 fortunisque
583 2198 724 2260 omnibus
750 2199 878 2279 expulit.
927 2199 1032 2279 Atque

134 2279 206 2362 'ego
222 2289 324 2361 patras
344 2280 514 2360 conscripti,
535 2280 679 2359 quoniam
698 2299 734 2340 1ο
753 2281 943 2342 miseriarum
961 2302 1031 2343 ven·
1041 2282 1079 2342 25

142 2372 230 2423 turus
244 2381 336 2434 eram,
350 2361 461 2423 vellem
474 2360 575 2440 potius
588 2360 628 2421 ob
641 2381 709 2422 mea
722 2381 815 2440 quam
829 2360 867 2422 ob
881 2363 1031 2442 majorum

143 2463 280 2504 meorum
299 2441 445 2502 beneficia
464 2461 580 2521 possem
605 2441 727 2504 avobis
748 2441 900 2502 auxilium
920 2451 1030 2522 petere,

143 2544 179 2584 ac
193 2543 336 2584 maxume
350 2521 453 2583 deberi
472 2522 548 2582 mihi
567 2521 712 2584 beneficia
726 2542 745 2583 a
757 2522 870 2602 populo
884 2523 1031 2597 Romano,

143 2603 254 2683 quibus
282 2624 341 2664 non
369 2623 504 2682 egerem;
525 2603 691 2664 secundum
719 2622 763 2676 ea,
784 2603 809 2662 si
833 2603 1031 2664 desideranda

143 2693 240 2757 erant,
254 2683 300 2745 uti
314 2683 423 2744 debitis
438 2692 548 2744 uterer.
591 2683 651 2744 Sed
671 2683 814 2763 quoniam
834 2705 943 2763 parum
963 2693 1031 2746 tuta
1041 2686 1079 2745 30

182 2785 198 2823 r
221 2785 252 2825 se
276 2764 341 2844 ipsa
361 2762 495 2844 probitas
515 2772 567 2837 est,
588 2784 686 2844 neque
708 2765 786 2824 mihi
805 2764 837 2824 in
858 2785 951 2826 manu
971 2765 1032 2826 fuit

143 2785 301 2924 iirgurtha
345 2844 423 2906 ualis
443 2843 530 2917 foret,
550 2844 590 2906 ad
610 2865 665 2906 vos
690 2845 822 2924 confugi
841 2854 942 2924 patres
963 2867 1031 2907 con-

142 2926 256 3005 scripti,
277 2865 396 3004 quiirus,
416 2924 497 3004 quod
524 2924 601 2985 mihi
627 2925 838 2986 miserrumum
862 2936 916 2999 est,
941 2948 1031 3007 cogor

142 3005 227 3086 prius
247 3005 330 3066 oneri
350 3025 442 3085 quam
463 3005 531 3065 usui
551 3025 622 3067 esse.
663 3005 763 3067 Ceteri
777 3027 862 3086 reges
880 3016 934 3067 aut
951 3007 1031 3068 bello

143 3087 218 3148 victi
238 3086 270 3146 in
290 3085 456 3146 amicitiam
476 3084 595 3147 avcbis
615 3087 728 3165 recepti
748 3096 827 3160 sunt,
842 3096 896 3147 aut
916 3088 949 3147 11
969 3089 1077 3148 111135

143 3167 243 3228 dubiis
264 3166 353 3227 rebus
373 3167 544 3228 societatem
557 3176 692 3227 vostram
710 3168 931 3246 appetiverunt.
972 3167 1031 3229 Fa

143 3248 229 3308 milia
256 3256 358 3308 nostra
385 3268 455 3308 cum
481 3247 594 3326 populo
621 3246 759 3307 Romano
792 3247 872 3308 bello
903 3247 1030 3310 Cartha-

166 3328 173 3342 ’
197 3328 271 3388 11111
305 3326 468 3388 amicitiam
501 3326 643 3396 instituit,
671 3347 730 3403 quo
762 3336 898 3404 tempore
934 3331 1031 3403 magis

143 3349 217 3471 111111
231 3409 295 3488 ejus
308 3427 401 3488 quam
414 3407 537 3468 fortuna
550 3405 681 3485 petenda
694 3410 768 3463 erat.
810 3405 949 3478 Quorum
963 3423 1031 3480 pro-
