2392 3692
335 143 390 193 nn
412 143 696 195 ooNJoaArroun
718 124 925 196 oneramur.
1033 132 1095 195 131

162 306 319 377 vincimus,
330 305 431 366 omnia
441 303 527 365 nobis
538 314 606 366 tuta
616 315 715 377 erunt,
724 314 907 367 commeatus
919 306 1050 379 abunde,

159 386 327 465 municipia
347 394 439 465 atque
459 385 593 446 coloniae
612 385 777 465 patebunt:
797 386 823 447 si
837 396 919 447 metu
934 388 1050 447 cesseri-

159 487 234 540 mus,
259 467 365 526 eadem
393 466 447 526 illa
475 466 604 527 advorsa
631 466 712 540 fient,
733 486 830 546 neque
850 466 934 527 locus
954 487 1051 547 noque

159 547 275 607 amicus
299 547 458 625 quisquam
481 555 572 625 teget,
596 567 686 625 quem
713 566 800 606 arma
823 568 884 607 non
906 548 1049 608 texerint.

159 628 331 699 Praeterea,
345 626 464 700 milites,
485 647 545 687 non
566 627 671 687 eadem
691 625 777 687 nobis
796 636 826 687 et
848 627 907 687 illis
927 627 1050 689 necessi-
1079 627 1098 687 5

159 708 234 769 tudo
258 707 429 786 impendet;
456 726 510 767 nos
534 728 588 786 pro
612 708 722 786 patria,
746 728 801 787 pro
824 706 974 780 libertate,
995 729 1051 788 pro

159 790 224 849 vita
245 797 403 859 certamus,
418 787 479 847 illis
498 807 755 866 supervacaneum
775 797 820 849 est
840 808 896 867 pro
915 790 1051 867 potentia

159 888 327 948 paucorum
354 888 498 947 pugnare.
551 867 622 945 Quo
649 868 793 930 audacius
819 869 1049 948 aggrediamini,

160 968 306 1009 memores
324 948 468 1028 pristinae
483 948 612 1009 virtutis.
654 948 758 1009 Licuit
777 948 863 1009 vobis
883 970 952 1009 cum
972 970 1051 1009 sum-

160 1050 210 1089 ma
233 1029 424 1109 turpitudine
449 1029 480 1088 in
504 1028 611 1089 exsilio
630 1037 761 1089 aetatem
781 1049 887 1108 agere3
911 1030 1050 1110 potuistis
1061 1031 1099 1090 10

160 1109 300 1170 nonnulli
321 1110 436 1170 Romae
460 1110 573 1169 amissis
597 1108 684 1169 bonis
706 1108 821 1169 alienas
840 1131 911 1189 opes
931 1131 1051 1189 exspec-

159 1200 241 1252 tare:
271 1190 343 1269 quia
363 1190 418 1249 illa
438 1189 526 1251 foeda
546 1198 637 1269 atque
657 1189 848 1250 intoleranda
870 1191 945 1251 viris
968 1192 1050 1252 vide

160 1271 282 1343 bantur,
301 1272 376 1331 haec
399 1271 483 1349 sequi
507 1270 689 1331 decrevistis.
731 1270 764 1330 Si
787 1270 863 1332 haec
883 1271 1052 1350 relinquere

160 1352 258 1424 voltis,
273 1351 402 1411 audacia
422 1372 440 1411 o
462 1371 497 1411 us
517 1360 578 1423 est;
600 1371 688 1411 nemo
708 1351 766 1410 nisi
778 1351 876 1413 victor
897 1372 971 1430 pace
991 1351 1052 1411 bel-

161 1432 224 1491 lum
245 1432 386 1493 mutavit.
460 1452 510 1491 am
531 1432 563 1491 in
584 1431 658 1511 fuga
677 1431 805 1492 salutem
830 1452 959 1511 sperare,
980 1434 1099 1493 cum15

160 1533 255 1585 arma,
277 1511 386 1591 quibus
407 1532 514 1592 corpus
534 1512 657 1591 tegitur,
677 1511 717 1571 ab
737 1511 872 1573 hostibus
892 1514 1048 1586 evomeris,

160 1613 196 1654 ea
208 1613 282 1655 vero
297 1592 448 1653 dementia
462 1600 514 1653 est.
556 1592 681 1671 Semper
698 1592 730 1651 in
746 1592 861 1672 proelio
880 1594 923 1654 eis
943 1614 1049 1653 maxu-

160 1694 244 1733 mum
255 1682 299 1734 est
347 1672 486 1746 riculum,
498 1673 551 1752 qui
561 1693 704 1733 maxume
714 1673 839 1742 timent;
853 1673 983 1734 audacia
996 1695 1051 1754 pro

161 1776 248 1814 muro
269 1754 310 1813 ha
331 1762 406 1813 etur.
448 1752 527 1813 Cum
545 1774 600 1815 vos
620 1753 782 1826 considero,
796 1753 915 1827 milites,
930 1763 960 1814 et
981 1776 1050 1815 oum

161 1834 243 1895 facta
256 1842 358 1894 vostra
372 1842 514 1907 aestumo,
528 1854 642 1913 magna
654 1855 702 1894 me
715 1854 781 1913 spes
795 1835 940 1895 victoriae
957 1844 1048 1896 tenet.
1061 1836 1099 1896 20

161 1914 301 1987 Animus,
326 1922 417 1987 aetas,
442 1914 540 1976 virtus
563 1923 666 1975 vostra
689 1934 737 1975 me
760 1915 939 1989 hortantur3
967 1936 1051 1995 prae

161 2004 244 2056 terea
267 1994 463 2067 necessitudo,
485 2015 563 2073 quae
589 1995 681 2055 etiam
709 1995 829 2056 timidos
853 1996 945 2056 fortes
968 1996 1051 2057 facit.

161 2076 243 2136 Nam
274 2075 439 2136 multitudo
472 2075 604 2136 hostium
631 2096 669 2136 ne
697 2076 915 2136 circumvenire
950 2086 1049 2155 queat,

161 2156 323 2236 prohibent
347 2156 504 2237 angustiae
529 2155 594 2218 loci.
637 2155 729 2232 Quod
753 2156 779 2217 si
802 2156 911 2217 virtuti
932 2167 1051 2218 vostrae

161 2237 284 2298 fortuna
311 2236 462 2309 inviderit,
483 2245 596 2307 cavete,
616 2236 708 2297 inulti
735 2237 868 2297 animam
895 2238 1050 2311 amittatis,
1060 2238 1098 2297 25

161 2339 219 2378 neu
249 2317 331 2396 capti
357 2317 456 2396 potius
482 2317 571 2377 sicuti
597 2337 707 2396 pecora
733 2316 935 2391 trucidemini,
959 2340 1051 2399 quam

161 2400 297 2459 virorum
311 2417 393 2458 more
427 2406 575 2477 ugnantes
593 2407 750 2458 cruentam
770 2406 862 2476 atque
882 2398 1050 2460 luctuosam

161 2478 321 2540 victoriam
334 2418 469 2538 hostibus
483 2478 689 2557 relinquatis.''

201 2560 252 2623 59.
275 2558 364 2619 Haec
384 2557 438 2619 ubi
459 2558 546 2631 dixit,
561 2559 722 2639 paululum
741 2569 951 2634 commoratus,
964 2561 1051 2641 signa

161 2659 269 2701 canere
295 2638 393 2717 jubet,
421 2648 513 2719 atquc
547 2640 709 2701 instructos
742 2641 863 2701 ordines
890 2641 923 2700 in
951 2641 1050 2702 locum
1060 2642 1098 2701 30

161 2740 293 2799 aequum
313 2719 444 2780 deducit.
486 2718 565 2780 Dein
588 2720 709 2781 remotis
729 2721 863 2781 omniurn
884 2722 977 2800 equis,
991 2744 1051 2802 quo

162 2799 309 2861 militibus
333 2808 501 2879 exaequato
521 2800 656 2880 periculo
676 2801 795 2862 animus
815 2801 945 2881 amplior
965 2812 1049 2875 esset,

163 2882 172 2940 i
238 2880 329 2959 pedes
342 2881 510 2941 exercitum
531 2902 586 2961 pro
607 2881 672 2942 loco
693 2890 785 2961 atque
806 2884 898 2962 copiis
917 2884 1048 2944 instruit.

194 2982 243 3021 am
264 2961 310 3021 uti
330 2961 470 3042 planities
490 2969 556 3022 erat
576 2962 655 3023 inter
674 2962 809 3023 sinistros
829 2973 944 3024 montes
961 2973 992 3025 et
1011 2963 1051 3023 ab

163 3042 272 3102 dextra
291 3062 367 3121 rupe
388 3062 503 3121 aspera,
524 3051 590 3103 octo
612 3043 747 3103 cohortes
768 3044 800 3103 in
821 3043 919 3105 fronte
944 3044 1050 3104 consti·
1059 3043 1097 3101 35

162 3123 230 3195 tuit,
254 3121 441 3201 reliquarum
467 3123 554 3202 signa
577 3123 610 3181 in
633 3122 766 3183 subsidio
792 3124 888 3183 artius
915 3123 1050 3184 collocat.

162 3202 214 3263 Ab
235 3204 277 3265 eis
298 3203 485 3264 centuriones
506 3203 729 3275 omneslectos
750 3212 779 3264 et
800 3213 947 3274 evocatos,
968 3224 1051 3282 prae

163 3293 246 3345 terea
266 3305 305 3345 cx
326 3283 471 3363 gregariis
492 3283 638 3343 militibus
658 3291 816 3361 optumum
857 3304 985 3359 nemque
1006 3304 1051 3341 ar-

163 3374 280 3425 matum
294 3364 327 3422 in
340 3363 469 3442 primam
490 3362 585 3421 aciem
606 3360 755 3419 subducit.
797 3360 831 3417 0.
924 3360 1000 3416 lium
1019 3362 1051 3416 in
