2392 3692
138 134 201 197 110
424 150 448 200 c.
469 149 559 199 sana
565 149 649 199 17er
670 146 790 198 csrsrr

183 309 267 383 licae,
288 330 379 389 quam
407 318 510 389 postea
536 309 681 387 scriptam
708 307 811 367 edidit.
852 306 913 367 Sed
939 306 995 367 ubi
1022 308 1074 370 ille

183 390 309 463 adsedit,
331 390 472 463 Catilina,
494 398 528 450 nt
552 398 618 449 erat
642 396 766 467 paratus
791 388 831 447 ad
855 388 1074 468 dissimulanda

183 470 292 544 omnia,
320 471 447 531 demisso
474 470 569 543 voltu,
597 490 672 530 voce
705 467 836 547 supplici
870 469 1026 547 postulare
1056 491 1074 530 a

174 588 176 591 v
182 550 319 630 patribus
341 551 447 630 coepit,
462 551 587 630 nequid
605 550 643 610 de
661 570 693 609 se
708 557 822 609 temere
842 550 1018 624 crederent;
1039 572 1074 611 ea

155 631 300 691 bfamilia
324 640 433 705 crtum,
455 632 499 692 ita
522 652 553 691 se
577 630 616 690 ab
642 629 847 689 adulescentia
870 630 967 691 vitam
991 631 1075 692 insti-

182 712 282 784 tuisse,
304 721 339 773 ut
359 713 460 772 omnia
481 712 560 772 bona
584 711 616 770 in
640 731 692 789 spe
715 708 850 771 haberet.
892 709 941 771 Ne
961 712 1074 773 existu-

182 801 309 865 marent,
337 792 403 865 sibi,
431 792 558 871 patricio
593 790 717 863 homini,
745 790 832 869 cujus
859 791 952 871 ipsius
980 801 1073 871 atque

182 873 331 951 majorum
357 873 501 951 pluruma
527 870 675 932 beneficia
697 871 729 930 in
753 870 873 950 plebem
901 871 1073 933 Romanam

181 962 286 1025 essent,
301 952 420 1032 perdita
434 951 604 1031 republica
618 972 692 1031 opus
710 972 781 1025 esse,
796 972 865 1013 cum
886 972 953 1013 eam
974 973 1074 1015 serva-

137 1034 171 1093 10
183 1041 228 1093 ret
249 1033 293 1093 M.
315 1032 443 1107 Tullius,
465 1032 632 1112 inquilinus
653 1032 728 1093 civis
747 1032 831 1092 urbis
852 1030 978 1093 Romae.
1021 1034 1073 1093 Ad

182 1114 239 1174 hoc
260 1113 421 1174 maledicta
441 1113 503 1173 alia
524 1134 592 1173 cum
614 1113 747 1185 adderet,
769 1112 939 1193 obstrepere
960 1134 1073 1188 omnes,

180 1193 296 1254 hostem
323 1202 414 1273 atque
441 1194 626 1273 parricidam
653 1213 770 1255 vocare.
812 1192 891 1253 Tum
918 1193 972 1254 ille
1000 1194 1074 1255 furi-

180 1274 309 1346 bundus,
331 1274 513 1350 “Quoniam
538 1274 658 1353 quidem
685 1274 937 1347 circumventus‚’'
962 1273 1072 1354 inquit,

181 1359 197 1384 “
208 1353 247 1415 ab
267 1354 396 1415 inimicis
416 1375 558 1435 praeceps
579 1375 662 1434 agor,
677 1354 851 1415 incendium
865 1374 967 1415 meum
981 1357 1071 1416 ruina

134 1434 394 1516 lbrestinguam.’'

222 1516 272 1578 ³2.
303 1514 422 1576 Deinde
446 1536 476 1577 se
500 1537 539 1577 ex
563 1516 649 1577 curia
672 1514 796 1575 domum
819 1515 979 1595 proripuit.
1023 1516 1072 1577 Ibi

181 1596 279 1656 multa
292 1596 355 1675 ipse
373 1617 474 1657 secum
488 1597 623 1669 volvens,
638 1597 719 1675 quod
739 1615 836 1674 neque
856 1596 984 1657 insidiae
1005 1618 1071 1658 con·

180 1677 239 1737 suli
259 1676 462 1756 procedebant
483 1686 513 1738 et
533 1677 573 1737 ab
594 1676 733 1737 incendio
753 1675 950 1755 intellegebat
963 1678 1070 1738 urbem

179 1757 293 1836 vigiliis
313 1758 472 1830 munitam,
488 1766 647 1837 optumum
661 1756 744 1817 factu
760 1758 883 1816 credens
901 1758 1070 1819 exercitum

133 1839 300 1917 adaugere,
315 1859 351 1900 ac
371 1838 455 1918 prius
476 1859 568 1917 quam
588 1838 719 1917 legiones
739 1836 951 1910 scriberentur,
973 1839 1070 1899 multa
1173 1841 1174 1890 l

181 1928 367 1999 antecapere,
382 1939 459 1997 quae
480 1918 560 1979 bello
580 1919 649 1977 usui
667 1917 775 1990 forent,
789 1926 877 1978 nocte
891 1918 1070 1999 intempesta

181 2021 250 2061 cum
270 2001 374 2079 paucis
395 2000 427 2059 in
448 1998 609 2059 Manliana
627 2006 726 2059 castra
745 1998 898 2077 profectus
915 2008 968 2059 est.
1011 1999 1069 2059 Sed
1173 2011 1175 2024 ’

180 2080 313 2160 Cethego
341 2088 432 2159 atque
459 2079 591 2141 Lentulo
619 2079 792 2157 ceterisque,
813 2099 943 2157 quorum
964 2100 1069 2160 cogno
1173 2129 1174 2150 2

180 2169 267 2223 verat
294 2169 464 2240 promptam
492 2160 661 2232 audaciam,
686 2160 820 2232 mandat,
844 2158 955 2238 quibus
983 2161 1070 2221 rebus
1173 2159 1174 2162 ’

134 2242 172 2305 25
181 2251 300 2322 possent
326 2262 396 2321 opes
423 2241 561 2302 factionis
589 2240 775 2312 confirment,
803 2240 928 2300 insidias
955 2241 1069 2301 consuli

181 2330 343 2395 maturent,
365 2320 496 2394 caedem,
520 2320 660 2381 incendia
688 2320 807 2399 aliaque
834 2320 908 2380 belli
934 2321 1070 2382 facinora
1173 2349 1174 2394 q

180 2410 306 2542 parent;
327 2423 388 2463 sese
402 2401 576 2483 propediem
591 2421 660 2461 eum
675 2420 786 2479 magno
804 2400 940 2461 exercitu
961 2402 1003 2461 ad
1023 2423 1069 2462 ur·

202 2504 248 2543 em
272 2503 468 2543 accessurum.
510 2481 595 2541 Dum
620 2480 695 2541 haec
719 2481 835 2541 Romae
858 2490 1017 2560 geruntur,
1035 2482 1068 2543 C.

180 2563 315 2624 Manlius
335 2584 373 2623 ex
392 2583 446 2624 suo
464 2582 590 2622 numero
606 2560 721 2641 legatos
734 2562 774 2621 ad
788 2560 941 2622 Marcium
955 2562 1069 2643 Regem
1173 2565 1174 2572 ’

133 2645 172 2705 30
180 2644 275 2704 mittit
289 2664 357 2704 cum
372 2643 523 2703 mandatis
536 2643 661 2721 hujusce
675 2641 764 2702 modi.

223 2725 273 2787 33.
297 2724 404 2785 “Deos
424 2724 619 2801 hominesque
646 2730 801 2794 testamur,
822 2722 997 2802 imperator,
1017 2744 1069 2784 nos

180 2825 266 2866 arma
280 2824 376 2884 neque
387 2812 493 2864 contra
503 2804 635 2883 patriam
646 2803 766 2881 cepisse,
777 2823 875 2881 neque
885 2824 945 2882 quo
955 2806 1069 2884 pericu·

181 2886 245 2946 lum
259 2885 326 2945 aliis
340 2884 514 2957 faceremus,
525 2884 576 2943 sed
590 2884 637 2943 nti
651 2904 777 2963 corpora
787 2892 891 2944 nostra
904 2883 944 2944 ab
958 2885 1069 2964 injuria

181 2974 249 3028 tuta
262 2965 369 3039 forent,
381 2965 433 3044 qni
446 2964 555 3037 miseri,
567 2973 696 3042 egentes,
706 2964 852 3025 violentia
865 2972 956 3044 atque
967 2966 1068 3026 crude

134 3047 172 3108 35
181 3047 268 3108 litate
288 3046 491 3107 feneratorum
511 3044 648 3124 plerique
667 3045 792 3124 patriae,
806 3044 858 3105 sed
872 3066 974 3106 omnes
988 3046 1068 3106 fama

180 3136 272 3206 atque
292 3126 421 3186 fortunis
441 3134 579 3205 expertes
598 3146 718 3196 sumus3
739 3145 836 3204 neque
850 3125 992 3204 cuiqnam
1007 3147 1068 3186 nos

181 3216 263 3267 trum
278 3206 364 3266 licuit
378 3225 460 3265 more
474 3206 623 3283 majorum
637 3203 703 3282 lege
717 3205 772 3277 uti,
786 3226 883 3284 neque
897 3207 1006 3267 amisso
1019 3226 1068 3286 pa-

181 3286 324 3345 trimonio
336 3285 465 3344 liberum
480 3304 587 3362 corpus
601 3284 729 3356 habere;
751 3294 838 3345 tanta
851 3287 979 3347 saevitia
992 3287 1068 3347 fene

182 3373 318 3424 ratornm
339 3374 430 3442 atque
451 3363 596 3443 praetoris
617 3363 683 3423 fuit.
725 3362 821 3445 Saepe
835 3367 963 3445 majores
976 3366 1067 3429 nostri
