2392 3692
385 160 440 212 on
458 161 578 212 annno
598 159 844 213 Juaoarnmo.
1037 145 1081 210 28

144 320 345 402 Jugurtham,
359 318 510 382 beneficiis
530 319 591 380 suis
612 329 696 380 ratus
709 327 753 380 est
767 319 962 399 conjunctum
982 339 1034 380 no·

143 403 191 464 bis
204 403 277 464 fore.
320 400 412 462 Alter
431 422 534 462 eorum
556 410 680 461 necatus
700 409 753 474 est,
766 400 890 462 alterius
904 401 967 480 ipse
979 421 1036 480 ego

45 513 51 518 =
144 503 253 544 manus
263 482 543 562 impiasvixeffirgi.
585 481 670 558 Quid
684 483 795 560 agam?
834 481 972 560 Autquo
984 501 1036 560 po·

144 565 305 625 tissumum
325 562 433 624 infelix
454 562 617 624 accedam?
657 560 783 622 Generis
803 561 954 642 praesidia
974 582 1036 622 om·

144 645 196 706 nia
216 644 369 706 exstincta
388 653 475 715 sunt;
496 651 592 722 pater,
611 643 658 703 uti
677 662 796 703 neeesse
814 651 889 715 erat,
907 649 1036 704 naturae
1063 643 1082 702 5

145 725 308 796 concessit;
329 723 427 796 fratri,
444 744 534 802 quem
559 723 694 783 minume
717 723 827 796 decuit,
848 723 1036 803 propinquus

145 827 199 886 per
212 805 311 866 scelus
318 805 415 866 vitam
429 804 558 884 eripuit3
579 803 701 876 adfines,
716 803 837 876 amicos,
851 824 1036 883 proprnquos

145 895 261 948 ceteros
284 905 365 945 meos
388 884 483 945 alium
504 883 565 945 alia
585 884 687 945 clades
707 884 869 963 oppressit:
890 885 973 964 capti
995 884 1036 945 ab

145 965 306 1046 «Iugurtha
325 985 395 1045 pars
415 965 447 1024 in
467 985 586 1026 crucem
608 965 678 1037 acti,
699 985 770 1043 pars
796 964 900 1026 bestiis
925 963 1036 1044 objecti
1115 1006 1121 1014 -

145 1056 235 1120 sunt;
257 1046 355 1125 pauci,
369 1044 479 1124 quibus
499 1045 607 1106 relicta
619 1054 664 1106 est
677 1045 789 1117 anima,
803 1045 899 1106 clausi
912 1045 945 1106 in
958 1055 1038 1106 tene
1046 1047 1084 1106 10

146 1128 209 1189 bris
230 1147 301 1188 cum
322 1146 456 1186 maerore
476 1134 507 1186 et
527 1125 614 1186 luctu
634 1134 730 1187 morte
749 1127 920 1204 graviorem
940 1127 1037 1187 vitam

146 1209 284 1287 exigunt
312 1199 359 1266 ‘si
382 1206 491 1279 omnia,
512 1227 590 1285 quae
614 1215 669 1267 aut
692 1206 778 1266 amisi
802 1215 856 1267 aut
878 1227 918 1267 ex
938 1227 1037 1267 neces

145 1289 233 1350 sariis
240 1287 373 1348 'advorsa
384 1287 467 1348 facta
479 1296 559 1360 sunt,
569 1286 734 1348 incolumia
747 1295 913 1359 manerent,
922 1296 1036 1360 tamen,

145 1371 171 1430 si
185 1369 260 1448 quid
274 1388 314 1429 ex
327 1367 489 1447 improviso
502 1367 575 1427 mali
589 1367 753 1439 accidisset,
768 1388 821 1428 vos
835 1367 1036 1447 implorarem,

146 1458 249 1530 patres
277 1448 446 1526 conscripti,
472 1447 581 1526 quibus
608 1468 664 1527 pro
691 1449 900 1526 magnitudine
927 1448 1085 1527 imperils

148 1532 245 1610 juset
260 1529 386 1608 injurias
407 1549 509 1588 omnes
529 1548 620 1590 curae
640 1549 702 1589 esse
722 1528 816 1589 decet.
857 1528 951 1590 Nunc
964 1550 1037 1590 vero

147 1610 236 1672 exsul
261 1609 370 1688 patria,
391 1608 489 1681 domo,
513 1609 593 1670 solus
620 1617 712 1688 atque
739 1609 874 1668 omnium
901 1609 1038 1670 honesta-

147 1713 218 1752 rum
238 1711 341 1750 rerum
355 1710 453 1769 egens,
468 1709 527 1768 quo
547 1689 690 1751 accedam
704 1697 758 1749 aut
771 1709 845 1767 quos
865 1690 1037 1769 appellem?

147 1771 335 1832 Nationesne
362 1791 402 1830 an
429 1790 521 1849 reges,
549 1771 602 1850 qui
629 1790 731 1830 omnes
757 1769 890 1830 familiae
917 1779 1038 1831 nostrae

148 1852 188 1914 ob
211 1860 345 1912 vostram
368 1851 533 1911 amicitiam
555 1850 656 1911 infesti
679 1852 771 1910 sunt?
811 1850 865 1910 An
885 1852 1086 1930 quoquam20

148 1933 225 1992 mihi
242 1931 326 1992 adire
343 1931 421 2004 licet,
436 1930 489 1991 ubi
509 1951 569 1991 non
590 1931 740 2010 majorum
760 1951 895 1991 meorum
916 1932 1038 1992 hostilia

148 2020 345 2074 monumenta
372 2011 514 2090 pluruma
541 2012 622 2072 sint?
662 2010 729 2071 Aut
756 2011 914 2091 quisquam
943 2013 1039 2073 nostri

149 2092 285 2154 misereri
312 2099 418 2172 potest,
446 2091 498 2171 qui
533 2091 697 2171 aliquando
724 2091 810 2153 vobis
837 2093 931 2154 hostis
958 2093 1038 2153 fuit?

149 2175 307 2236 Postremo
334 2173 494 2234 Masinissa
520 2193 573 2233 nos
600 2173 645 2232 ita
671 2173 811 2246 instituit,
840 2183 941 2253 patres
972 2195 1039 2234 con·

149 2255 264 2334 scripti,
278 2257 419 2332 nequem
433 2253 597 2314 coleremus
618 2253 675 2313 nisi
694 2253 842 2332 populum
856 2254 1038 2327 Romanum,
1048 2253 1086 2313 25

150 2357 189 2396 ne
201 2335 365 2407 societates,
380 2354 418 2393 ne
436 2333 558 2394 foedera
575 2354 656 2394 nova
675 2335 897 2413 acciperemus3
917 2335 1039 2396 abunde

151 2435 264 2495 magna
286 2415 437 2494 praesidia
459 2413 545 2475 nobis
568 2415 602 2474 in
625 2423 729 2475 vostra
755 2416 890 2476 amicitia
913 2416 992 2476 fore:
1014 2415 1039 2475 si

151 2497 223 2558 huic
250 2495 375 2575 imperio
402 2495 524 2556 fortuna
550 2504 729 2568 mutaretur,
752 2517 815 2556 una
842 2496 1038 2558 occidendum

151 2576 237 2638 nobis
260 2596 329 2636 esse.
371 2575 496 2636 Virtute
523 2596 559 2637 ac
586 2576 634 2638 dis
653 2575 825 2638 volentibus
845 2577 949 2656 magni
968 2577 1039 2638 estis

152 2667 182 2719 et
196 2657 348 2736 opulenti;
371 2656 472 2716 omnia
489 2657 622 2718 secunda
635 2666 666 2718 et
680 2657 850 2718 obedientia
869 2667 957 2718 sunt:
979 2678 1038 2738 quo
1048 2657 1087 2716 30

152 2737 271 2799 facilius
304 2737 451 2798 sociorum
485 2737 612 2817 injurias
646 2758 753 2799 curare
784 2738 863 2799 licet.
905 2737 1038 2798 Tantum

151 2818 229 2878 illud
253 2838 367 2890 vereor,
391 2838 430 2878 ne
457 2838 531 2898 quos
558 2819 680 2897 privata
707 2819 842 2880 amicitia
863 2817 1038 2898 Jugurthae

152 2919 261 2978 parum
290 2899 410 2976 cognita
436 2907 624 2960 transvorsos
651 2908 732 2978 agat,
759 2919 833 2978 quos
859 2920 915 2978 ogo
949 2900 1040 2960 audio

152 2999 298 3040 maxuma
325 2999 380 3058 ope
406 2979 472 3052 niti,
500 2979 624 3052 ambire,
652 2980 780 3060 fatigare
807 3000 861 3041 vos
894 2979 1037 3060 singulos,

152 3080 190 3120 ne
215 3059 287 3140 quid
310 3059 347 3120 de
370 3057 493 3121 absente
519 3060 674 3140 incognita
701 3081 792 3122 causa
817 3061 966 3133 statuatis,
986 3061 1039 3120 fin·
1049 3060 1086 3118 35

152 3161 222 3220 gere
249 3161 297 3201 me
317 3141 412 3202 verba
438 3149 468 3201 et
496 3141 601 3220 fugam
627 3140 779 3213 simulare,
797 3141 847 3202 cui
867 3141 987 3202 licuerit
1007 3142 1040 3202 in

153 3242 245 3302 regno
272 3243 401 3282 manere.
454 3221 544 3298 Quod
572 3222 689 3282 utinam
716 3221 813 3294 illum,
836 3222 921 3300 cujus
947 3223 1040 3301 impio

153 3302 285 3364 facinore
306 3303 345 3362 in.
358 3302 413 3362 has
433 3303 567 3361 miserias
587 3303 738 3378 projectus
755 3322 831 3371 sum,
847 3302 952 3360 eadem
966 3302 1040 3361 haec

153 3383 345 3446 simulantem
359 3382 489 3452 videam,
503 3390 534 3440 et
554 3379 718 3457 aliquando
739 3387 794 3437 aut
813 3379 895 3454 apud
912 3397 966 3436 vos
986 3387 1041 3436 aut
