2392 3692
336 167 391 215 Da
414 166 698 217 OONJURAPIONE
720 168 930 218 CATILINAE.
1038 153 1098 221 117

162 325 329 387 Auxilium
343 334 428 403 petas
442 324 481 385 ab
496 326 643 399 omnibus,
657 328 749 387 etiam
768 327 807 388 ab
821 328 959 388 infimis.”
1002 327 1054 389 Ad

160 408 220 467 hoc
243 406 387 466 mandata
402 406 501 468 verbis
525 407 593 469 dat:
619 428 688 469 cum
709 408 749 468 ab
768 417 874 468 senatu
896 410 988 469 hostis
1006 411 1054 488 ju-

162 488 284 549 dicatus
304 488 351 559 sit,
365 506 425 566 quo
440 487 562 548 consilio
582 489 706 551 servitia
726 490 884 569 repudiet?
924 488 963 549 In
979 490 1054 551 urbe

163 577 273 648 parata
294 588 363 641 esse,
385 587 463 647 quae
482 569 613 647 jusserit.
655 567 704 630 Ne
728 578 886 630 cunctetur
906 571 969 649 ipse
988 592 1054 650 pro

163 650 233 729 pius
247 648 396 709 accedere.
1082 654 1101 712 5

204 730 253 791 45.
275 729 336 789 His
354 729 443 789 rebus
463 728 508 789 ita
527 730 612 801 actis,
626 731 790 791 constituta
803 740 899 803 nocte,
913 752 974 809 qua
987 753 1054 811 pro

163 810 378 882 ficiscerentur,
395 809 501 871 Cicero
524 830 578 889 per
602 809 716 889 legatos
739 821 850 873 cuncta
873 812 996 873 edoctus
1017 812 1053 873 L.

164 890 291 953 Valerio
305 890 417 951 Flacco
432 899 462 951 et
476 890 509 951 C.
525 890 687 984 Pomptino
708 892 896 970 praetoribus
917 893 1054 971 imperat,

165 979 200 1031 ut
220 972 253 1031 in
273 979 364 1050 ponte
388 971 508 1033 Mulvio
527 992 582 1051 per
602 971 726 1032 lusidius
746 971 947 1051 Allobrogum
966 974 1055 1034 comi·

163 1061 247 1112 tatus
277 1051 513 1131 deprehendant.
570 1052 647 1113 Rem
681 1074 800 1113 omnem
835 1054 941 1133 aperit,
969 1055 1099 1133 cujuslll

121 1162 130 1173 =
163 1133 264 1211 gratia
291 1132 507 1206 mittebantur3
529 1142 636 1206 cetera,
658 1133 704 1193 uti
731 1133 813 1195 facto
840 1155 914 1213 opus
941 1134 989 1206 sit,
1010 1135 1054 1194 ita

164 1221 266 1291 agant,
292 1214 450 1291 permittit.
491 1212 554 1286 Illi,
578 1214 713 1274 homines
740 1214 894 1286 militares,
918 1215 981 1274 sine
1008 1224 1054 1275 tu-

163 1292 265 1353 multu
289 1294 445 1372 praesidiis
470 1294 632 1367 collooatis‚
653 1294 743 1355 sicuti
764 1304 959 1373 praeceptum
979 1304 1053 1367 erat,

164 1373 283 1434 occulte
312 1384 434 1452 pontem
468 1374 619 1435 obsidunt.
675 1376 839 1454 Postquam
867 1374 908 1435 ad
935 1375 966 1434 id
994 1375 1052 1435 loci

163 1454 259 1533 legati
283 1474 353 1515 cum
374 1454 533 1515 Volturcio
554 1464 704 1517 venerunt
727 1465 757 1516 et
781 1455 871 1515 simul
901 1456 1053 1534 utrimque
1063 1458 1100 1517 15

163 1535 280 1595 clamor
300 1543 423 1595 exortus
443 1544 496 1609 cst,
510 1534 605 1609 Galli,
620 1537 678 1597 cito
700 1537 819 1615 cognito
840 1536 973 1608 consilio,
990 1537 1054 1596 sine

163 1635 250 1675 mora
264 1615 453 1694 praetoribus
470 1637 500 1677 se
514 1616 649 1677 tradunt.
691 1617 868 1678 Volturcius
889 1617 987 1695 primo
1008 1637 1053 1676 co-

163 1696 304 1756 hortatus
329 1704 441 1757 oeteros
465 1696 567 1775 gladio
591 1718 623 1757 se
646 1718 666 1757 a
689 1697 886 1758 multitudine
907 1695 1053 1770 defendit,

163 1776 274 1836 deinde
296 1775 349 1835 ubi
373 1776 523 1856 elegatis
550 1777 684 1838 desertus
708 1786 761 1851 est,
785 1777 884 1837 multa
908 1777 991 1856 prius
1015 1778 1053 1837 de

163 1856 263 1917 salute
289 1876 345 1917 sua
372 1857 568 1936 Pomptinum
600 1858 773 1931 obtestatus,
801 1859 882 1937 quod
909 1859 937 1918 ei
964 1860 1101 1920 notus20

162 1946 238 2009 erat,
253 1945 403 2015 postremo
421 1938 546 1998 timidus
568 1958 605 2000 ac
621 1939 703 2000 vitae
723 1939 861 1999 diffidens
882 1939 967 2000 velut
989 1938 1054 1999 hos

162 2017 246 2077 tibus
259 2037 320 2078 sese
334 2017 522 2095 praetoribus
536 2017 627 2079 dedit.

204 2099 254 2159 46.
283 2096 404 2174 Quibus
431 2098 519 2159 rebus
547 2099 690 2161 confectis
717 2100 819 2160 omnia
846 2120 972 2179 propere
999 2121 1054 2179 per

163 2179 286 2238 nuntios
303 2177 419 2239 consuli
433 2178 636 2240 declarantur.
678 2180 723 2240 At
743 2180 831 2240 illum
853 2181 958 2260 ingens
979 2202 1053 2242 cura

164 2269 256 2338 atque
280 2258 397 2319 laetitia
422 2258 513 2318 simul
538 2280 731 2339 occupavere.
773 2260 855 2320 Nam
880 2262 1051 2322 laetabatur
1062 2264 1100 2321 25

163 2339 342 2418 intellegens
356 2339 561 2418 conjuratione
574 2341 728 2420 patefacta
742 2341 897 2403 civitatem
911 2343 1052 2421 perieulis

164 2429 300 2499 ereptam
318 2439 387 2492 esse,
402 2440 492 2498 porro
513 2429 615 2481 autem
635 2421 745 2481 anxius
765 2431 839 2496 erat,
854 2423 1006 2497 dubitans,
1020 2425 1053 2483 in

164 2521 310 2560 maxume
336 2499 446 2560 scelere
473 2502 566 2561 tantis
601 2501 717 2563 civibus
750 2502 951 2581 deprehensis,
979 2505 1052 2583 quid

163 2582 245 2642 facto
260 2600 335 2659 opus
348 2589 440 2641 esset:
462 2601 589 2660 poenam
604 2582 726 2642 illorum
747 2583 804 2643 sibi
817 2585 909 2658 oneri,
923 2585 1052 2664 impuni-

164 2671 259 2723 tatem
272 2661 447 2740 perdundae
461 2662 505 2722 rei
519 2662 659 2741 publicae
678 2663 741 2723 fore
761 2665 909 2726 credebat.
951 2665 1052 2744 Igitur
1061 2667 1100 2725 30

165 2741 342 2803 confirmato
369 2742 470 2802 animo
490 2743 594 2804 vocari
616 2744 655 2803 ad
679 2764 741 2805 sese
763 2744 852 2824 jubet
876 2746 1052 2819 Lentulum,

165 2822 341 2901 Cethegum,
363 2821 527 2895 Statilium,
548 2821 724 2898 Gabinium,
746 2826 876 2905 itemque
901 2827 1052 2904 quendam

164 2902 347 2981 Caeparium
361 2901 614 2977 Terracinensem,
629 2905 682 2983 qui
695 2906 727 2965 in
741 2906 888 2985 Apuliam
903 2907 942 2967 ad
957 2908 1052 2967 conci-

164 2983 260 3043 tanda
280 2982 403 3043 servitia
424 2983 572 3062 proficisci
592 2985 730 3064 parabat.
772 2986 872 3047 Ceteri
888 2988 952 3047 sine
968 3008 1053 3047 mora

164 3063 309 3135 veniunt;
331 3062 503 3143 Caeparius,
518 3065 610 3144 paulo
631 3075 701 3126 ante
721 3066 809 3127 domo
828 3087 970 3145 egressus,
984 3088 1050 3146 cog·
1060 3067 1098 3126 35

164 3145 228 3205 nito
250 3143 360 3203 indicio
374 3164 412 3204 ex
427 3145 502 3205 urbe
515 3146 699 3225 profugerat.
742 3146 854 3207 Consul
876 3146 1052 3220 Lentulum,

165 3224 245 3303 quod
272 3233 394 3303 praetor
420 3234 494 3299 erat,
515 3226 577 3305 ipse
605 3247 696 3286 manu
724 3236 829 3287 tenens
856 3227 887 3286 in
914 3235 1051 3286 senatum

164 3305 320 3385 perducit;
341 3305 471 3385 reliquos
499 3327 568 3367 cum
596 3307 769 3365 custodibus
794 3308 826 3363 in
850 3307 955 3363 aedem
976 3306 1052 3364 Con·

165 3385 285 3446 cordiae
308 3386 412 3446 venire
435 3386 531 3465 jubet.
573 3386 621 3445 Eo
647 3393 785 3445 senatum
812 3383 950 3452 advocat,
971 3402 1052 3459 mag-
