2392 3692
95 134 137 204 68
381 154 407 205 0.
426 151 605 204 srrrmrr
627 105 748 204 crrsrr

186 310 230 372 al.
254 309 354 390 Igitur
374 310 406 370 in
427 310 526 371 locum
548 309 695 371 ambobus
715 310 862 390 placitum
883 312 1039 374 exercitus

143 391 336 452 conveniunt.
392 390 441 450 Ibi
469 390 527 451 fide
554 391 628 451 data
660 399 691 451 et
725 401 850 471 accepta
877 391 1039 472 Jugurtha

144 471 259 532 Bocchi
286 472 422 532 animum
450 471 585 532 oratione
620 471 775 532 accendit:
810 472 963 533 Romanos
988 473 1035 533 in·

148 553 254 632 justos,
269 551 420 630 profunda
441 552 579 625 avaritia,
595 572 768 613 communes
786 553 922 613 omnium
935 553 1038 614 hostes

116 633 223 705 desse3
252 633 377 693 eandem
405 631 471 693 illos
499 653 621 693 causam
645 631 719 693 belli
743 653 813 694 cum
837 633 959 695 Boccho
981 634 1037 695 ha-

143 711 223 786 bere,
238 733 329 791 quarn
350 733 451 773 secum
471 720 500 772 et
522 733 590 773 curn
613 713 680 773 aliis
699 713 848 792 gentibus,
865 714 1037 775 lubidinem

144 793 346 872 imperitandi,
368 793 434 872 quis
454 794 556 853 omnia
577 814 672 873 regna
692 795 821 856 advorsa
843 795 912 855 sint.
953 794 1036 855 Tum

143 893 215 945 sese,
240 873 331 952 paulo
355 883 426 934 ante
450 873 723 953 Carthaginienses,
744 875 817 935 item
841 895 942 953 regem
963 875 1037 936 Per-

144 975 204 1025 sen,
230 962 296 1032 post
320 954 366 1013 uti
390 954 515 1033 quisque
542 954 795 1034 opulentissumus
819 955 969 1027 videatur,
988 956 1038 1016 ita

98 1034 135 1093 10
145 1033 289 1094 Romanis
310 1033 425 1094 hostem
446 1035 518 1096 fore.
561 1035 615 1095 Eis
631 1044 723 1114 atque
736 1035 804 1096 aliis
817 1034 931 1095 talibus
944 1036 1038 1097 dictis

144 1115 183 1174 ad
205 1114 321 1174 Cirtam
342 1115 487 1194 oppidum
507 1117 574 1176 iter,
586 1117 783 1188 constituunt,
804 1116 886 1194 quod
907 1115 950 1176 ibi
969 1117 1037 1177 Me

143 1194 234 1255 tellus
276 1196 399 1255 raedam
420 1197 614 1276 captivosque
634 1205 664 1258 et
684 1196 900 1276 impedimenta
919 1196 1038 1258 locave

144 1283 200 1335 rat.
252 1215 302 1335 lta
328 1275 487 1356 <Iugurtha
513 1285 598 1338 ratus
625 1287 679 1338 aut
706 1287 796 1357 capta
823 1276 898 1338 urbe
926 1298 1039 1358 operae

144 1355 275 1434 pretium
294 1356 366 1428 fore,
384 1366 438 1418 aut
458 1358 483 1418 si
504 1358 570 1418 dux
591 1358 747 1419 Romanus
766 1359 883 1420 auxilio
903 1359 964 1420 suis
984 1381 1039 1420 ve·

98 1436 243 1509 15nisset‚
271 1436 384 1516 proelio
411 1458 473 1499 sese
501 1447 676 1501 certaturos.
731 1439 814 1503 Nam
846 1439 974 1503 callidus
1000 1441 1045 1518 id¹

144 1517 232 1578 modo
246 1516 417 1592 festinabat,
432 1518 547 1580 Bocchi
560 1540 665 1598 pacem
679 1521 867 1596 imminuere,
881 1542 919 1583 ne
933 1542 1037 1583 moras

145 1597 288 1678 agitando
304 1598 388 1659 aliud
403 1619 494 1678 quarn
509 1599 624 1660 bellum
638 1600 750 1662 mallet.

186 1679 235 1741 82.
257 1677 427 1758 Imperator
439 1690 600 1760 postquam
620 1681 659 1741 de
679 1701 785 1760 regum
804 1682 946 1744 societate
966 1703 1037 1762 cog-

145 1760 238 1833 novit,
259 1780 319 1820 non
344 1769 455 1821 temere
478 1781 583 1840 neque,
606 1761 652 1821 uti
675 1781 763 1841 saepe
782 1762 848 1842 jam
872 1763 953 1824 victo
976 1762 1036 1823 Ju-

96 1840 135 1900 20
144 1841 256 1920 gurtha
270 1849 474 1915 consueverat,
489 1840 627 1902 omnibus
647 1841 720 1903 locis
740 1843 897 1922 pugnandi
914 1844 1036 1923 copiam

143 1921 225 1982 facit.
267 1920 408 1982 Ceterum
430 1922 513 1983 haud
533 1921 693 2000 proculab
708 1921 794 1983 Cir-ta
811 1924 916 1985 eastris
936 1926 1037 1984 muni·

143 2002 182 2062 tis
203 2022 286 2081 reges
307 2002 471 2083 opperitur,
485 2002 592 2064 melius
613 2023 675 2064 esse
696 2011 789 2077 ratus,
804 2005 931 2083 cognitis
943 2005 1036 2064 Mau-

144 2082 193 2154 ris,
208 2083 351 2161 quoniam
365 2083 389 2143 is
403 2104 498 2145 novus
518 2083 613 2144 hostis
633 2092 806 2157 accesserat,
820 2105 860 2144 ex
876 2086 1036 2146 commodo

144 2182 279 2242 pugnam
293 2163 400 2225 facere.
442 2163 569 2224 Interim
591 2163 691 2224 Roma
711 2185 765 2243 per
785 2164 902 2226 litteras
922 2166 1036 2226 certior

95 2242 177 2303 25111
198 2244 385 2322 provinciam
406 2243 584 2305 Numidiam
606 2245 706 2305 Mario
727 2245 847 2318 datam3
871 2266 943 2306 nam
963 2267 1035 2307 con-

141 2324 237 2384 sulem
258 2324 373 2385 factum
394 2334 465 2386 ante
485 2334 649 2404 acceperat.
692 2324 812 2402 Quibus
831 2325 920 2387 rebus
939 2347 1036 2405 supra

142 2403 255 2465 bonum
275 2414 329 2465 aut
349 2405 507 2466 honestum
528 2406 691 2485 perculsus,
705 2426 803 2486 neque
821 2406 971 2468 lacrumas
988 2417 1035 2468 te-

143 2505 214 2544 nere
228 2505 325 2564 neque
339 2487 488 2546 moderari
509 2487 646 2566 linguam
656 2509 664 2559 ;
685 2487 733 2548 vir
753 2487 890 2566 egregius
910 2489 942 2548 in
961 2488 1036 2550 aliis

142 2565 259 2626 artibus
286 2566 375 2626 nimis
403 2568 534 2627 molliter
562 2567 783 2646 aegritudinem
832 2569 883 2628 ati.
926 2569 1032 2646 Quam

95 2645 133 2705 30
143 2667 206 2706 rern
227 2646 280 2707 alii
302 2647 333 2706 in
354 2647 526 2726 superbiam
548 2647 718 2721 vomebant,
740 2648 793 2708 alii
810 2588 926 2709 honum
949 2650 1034 2728 inge-

141 2727 226 2786 nium
254 2727 436 2788 contumelia
464 2749 622 2789 accensum
650 2749 720 2802 esse,
741 2728 839 2801 multi,
861 2730 941 2809 quod
963 2730 1034 2809 jam

142 2818 231 2886 parta
251 2807 379 2869 victoria
399 2829 438 2868 ex
459 2809 598 2872 manibus
619 2810 793 2889 eriperetur.
835 2808 931 2871 Nobis
956 2811 1033 2872 satis

142 2889 295 2967 cognitum
310 2898 354 2949 est
368 2888 455 2948 illurn
474 2891 570 2968 magis
589 2886 704 2951 honore
718 2891 800 2951 Mari
814 2911 904 2970 quarn
918 2890 1033 2970 injuria

141 2990 196 3029 sua
216 2969 433 3041 excruciatum,
455 2989 551 3048 neque
571 2979 635 3031 tarn
656 2971 747 3032 anxie
768 2972 903 3032 laturum
929 2970 1032 3045 fuisse,

95 3047 133 3108 35
142 3049 167 3110 si
182 3051 325 3129 adempta
339 3049 495 3128 provincia
510 3051 561 3110 alii
577 3072 668 3130 quam
681 3051 782 3113 Mario
797 3052 974 3112 traderetur.

183 3131 231 3193 83.
254 3130 354 3208 Igitur
374 3150 408 3190 eo
429 3129 531 3191 dolore
552 3131 714 3209 impeditus
734 3142 764 3192 et
784 3133 856 3210 quia
882 3131 1034 3194 stultitiae

140 3209 303 3271 videbatur
323 3209 451 3268 alienam
474 3230 536 3269 rem
558 3210 692 3289 periculo
712 3233 766 3272 suo
787 3232 902 3285 curare,
916 3213 1034 3291 legatos

142 3290 180 3349 ad
196 3289 350 3349 Bocchum
366 3289 460 3348 mittit
477 3291 671 3366 postulatum,
685 3313 723 3351 ne
743 3292 806 3351 sine
828 3315 918 3354 causa
938 3294 1034 3355 hostis

141 3368 253 3448 populo
272 3368 410 3429 Romano
430 3368 529 3428 fieret:
551 3369 663 3431 habere
677 3380 742 3430 tum
756 3393 896 3451 magnam
912 3375 1033 3453 copiam
