2392 3692
126 153 169 218 86
412 167 640 218 sanctorm
661 167 783 217 earam
894 172 902 183 ·

173 348 272 408 perge.
314 326 416 387 Multa
436 335 527 406 atque
547 334 719 406 opportuna
739 325 841 400 habes,
862 348 923 406 quo
943 327 1068 391 facilius

173 418 273 469 errata
287 408 390 469 officiis
404 427 532 486 superes.
573 407 729 468 Postremo
739 406 797 468 hoc
810 407 842 468 in
855 416 960 488 pectus
973 417 1066 469 tuum

173 489 307 561 demitte,
334 509 501 567 numquam
568 487 675 568 pulum
709 486 882 548 Romanum
910 487 1065 550 beneficiis

173 570 289 631 victum
303 590 382 629 esse:
405 589 476 628 nam
490 567 528 628 be
541 568 571 629 lo
584 569 658 647 quid
673 567 783 641 valeat,
796 576 863 629 tute
875 568 960 630 scis’'

146 651 164 708 5
214 650 264 710 Ad
285 670 321 710 ea
341 648 481 711 Bocchus
501 648 620 728 placide
640 658 671 709 et
690 648 828 728 benigne,
848 649 939 709 simul
962 670 1064 729 pauca

173 751 227 870 pgp
251 730 361 869 dlqlicto
384 750 438 790 suo
458 729 568 870 tvetrbad
579 728 670 790 facit:
694 748 726 789 se
746 749 812 822 non
828 728 929 790 hostili
950 731 1062 870 anippo,

172 831 186 870 s
247 831 265 870 o
310 830 436 869 renum
472 830 547 869 uan
569 830 621 869 um
642 828 782 870 armaec
803 829 876 870 mse:
904 830 976 870 nam
1028 832 1062 870 u-

173 890 282 951 midiae
303 832 429 969 paitem,
451 890 531 950 unde
550 890 583 950 vi
603 829 803 969 ‹IugurthauiJ
812 890 974 969 expulerit,
990 891 1062 970 jure

172 969 245 1031 belli
265 991 351 1030 suam
372 969 502 1042 faotam3
523 989 589 1030 eam
604 970 719 1031 vastari
733 990 752 1029 a
766 969 867 1031 Mario
880 970 943 1050 pati
957 972 1062 1050 nequi-

127 1052 266 1125 10visse3
294 1059 449 1129 praeterea
475 1049 570 1110 missis
597 1058 688 1111 antea
715 1050 845 1111 Romam
873 1050 989 1130 legatis,
1018 1073 1061 1112 re

173 1131 295 1212 pulsum
319 1129 358 1191 ab
383 1130 524 1191 amicitia.
566 1129 709 1194 Ceterum
729 1138 833 1192 vetera
856 1131 1003 1204 omittere,
1025 1152 1062 1193 ac

172 1221 246 1284 tum,
261 1212 353 1290 siper
367 1210 501 1272 Marium
515 1209 629 1284 liceret,
643 1209 757 1305 legatos
777 1211 816 1271 ad
836 1218 976 1271 senatum
994 1212 1062 1273 mis

172 1312 284 1352 surum.
327 1290 417 1363 Dein,
428 1291 514 1370 copia
528 1290 619 1364 facta,
634 1311 753 1352 ammus
765 1290 889 1351 barbari
901 1289 941 1351 ab
955 1293 1061 1353 amicis

171 1372 278 1445 flexus,
299 1391 372 1451 quos
393 1369 558 1450 ugurtha,
579 1371 700 1451 cognita
728 1371 877 1450 legatione
903 1370 1009 1433 Sullae
1032 1382 1061 1434 et

125 1454 162 1514 15
174 1452 283 1525 Manli,
298 1460 433 1512 metuens
447 1451 478 1512 id
492 1451 573 1530 quod
586 1451 763 1530 parabatur,
774 1451 860 1512 donis
874 1462 1058 1546 corruperat.

212 1533 282 1595 103.
299 1532 416 1594 Marius
430 1532 554 1605 interea,
568 1532 704 1592 exercitu
719 1532 751 1590 in
766 1530 970 1593 hibernaculis
983 1554 1072 1594 com.

172 1613 276 1694 posito,
298 1633 366 1673 cum
387 1612 535 1692 expeditis
557 1611 731 1672 cohortibus
751 1619 782 1672 ct
802 1621 889 1691 parte
908 1613 1061 1692 equitatus

171 1693 370 1774 proficiscitur
391 1693 423 1752 in
444 1691 510 1753 loca
534 1691 597 1752 sola
622 1691 773 1753 obsessum
801 1693 912 1752 turrim
936 1695 1060 1773 regiam,

171 1795 230 1854 quo
257 1773 414 1853 «iugurtha
441 1772 582 1852 perfugas
616 1793 718 1832 omnes
751 1772 934 1852 praesidium
968 1775 1060 1854 impo
1171 1766 1173 1838 l

124 1857 163 1916 20
171 1863 279 1915 suerat.
321 1853 400 1912 'lum
424 1873 526 1912 rursus
550 1851 700 1925 Bocchus,
720 1873 770 1914 seu
793 1854 962 1932 reputando
983 1876 1060 1935 quae

171 1935 228 1995 sibi
255 1933 373 1994 duobus
400 1933 520 2012 proeliis
547 1942 704 2005 venerant,
731 1953 783 1994 seu
814 1934 988 1995 admonitus
1021 1935 1060 1996 ab

173 2014 240 2075 aliis
265 2015 377 2084 amieis,
400 2033 473 2092 quos
497 2013 686 2092 incorruptos
706 2012 864 2092 Jugurtha
888 2015 1058 2094 reliquerat,

171 2116 209 2157 ex
231 2095 313 2154 omni
334 2094 420 2172 copia
440 2094 673 2154 necessariorum
695 2094 829 2172 quinque
849 2094 971 2174 delegit,
990 2116 1058 2175 quo

171 2196 239 2235 rum
263 2185 293 2234 et
316 2173 390 2234 fides
414 2174 535 2253 cognita
555 2182 585 2233 et
605 2174 728 2252 ingenia
748 2173 944 2235 validissuma
964 2185 1057 2237 erant
1171 2176 1172 2251 3

123 2255 231 2318 2513oe
253 2255 292 2314 ad
313 2254 446 2315 Marium
471 2275 507 2314 ac
530 2254 647 2326 deinde,
668 2253 694 2314 si
718 2253 846 2333 placeat,
867 2254 997 2316 Romam
1021 2257 1059 2317 le·
1171 2256 1172 2285 ;

170 2344 255 2415 gatos
282 2335 325 2395 ire
348 2334 444 2414 jubet,
473 2335 658 2413 agendarum
686 2354 787 2395 rerum
815 2334 852 2396 et'
872 2355 1059 2416 quocumque

170 2416 259 2477 modo
289 2414 361 2475 belli
396 2415 594 2493 componendi
621 2414 775 2475 licentiam
802 2415 874 2494 ipsis
901 2417 1056 2509 permittit.

170 2496 223 2556 Illi
245 2504 362 2556 mature
383 2495 422 2554 ad
443 2495 570 2556 hiberna
590 2494 798 2556 Romanorum
811 2495 1058 2575 proficiscuntur3

170 2577 278 2638 deinde
298 2575 329 2635 in
350 2575 458 2636 itinere
475 2596 494 2636 a
510 2575 649 2637 Gaetulis
670 2575 838 2636 latronibus
859 2576 1057 2639 circumventi

122 2656 359 2737 30spoliatique,
384 2656 497 2736 pavidi,
524 2657 587 2718 sine
614 2657 721 2718 decore
748 2656 788 2717 ad
814 2655 934 2717 Sullam
960 2659 1059 2738 perfu-

169 2738 267 2818 giunt,
295 2757 384 2816 quem
411 2736 515 2798 consul
549 2737 581 2797 in
615 2737 837 2816 expeditionem
870 2737 1059 2816 proficiscens

169 2838 225 2897 pro
252 2825 390 2896 praetore
417 2817 587 2897 reliquerat.
638 2817 700 2878 Eos
726 2817 778 2878 ille
805 2837 865 2877 non
914 2838 949 2878 ro
973 2819 1059 2880 vanis

170 2898 315 2971 hostibus,
328 2897 374 2958 uti
392 2897 492 2958 meriti
511 2906 607 2971 erant,
620 2898 673 2958 sed
687 2906 828 2959 accurate
841 2917 877 2957 ac
891 2838 1059 2960 liberaliter

170 2977 295 3050 habuit;
316 2998 377 3058 qua
390 2998 423 3039 re
437 2977 559 3038 barbari
573 2987 604 3040 et
617 2978 730 3039 famam
748 2977 895 3038 avaritiae
909 2977 1058 3040 Romano

122 3061 161 3122 35
169 3080 238 3120 rum
269 3058 377 3119 falsam
404 3067 435 3120 et
461 3058 579 3120 Sullam
607 3058 647 3120 ob
673 3057 911 3118 munificentiam
938 3059 971 3118 in
996 3080 1058 3120 sese

170 3139 300 3200 amicum
315 3139 381 3198 rati.
424 3137 506 3198 Nam
520 3140 692 3199 etiamtum
706 3138 827 3216 largitio
837 3138 942 3199 multis
954 3139 1060 3218 ignota

169 3225 253 3287 erat;
274 3217 434 3278 munificus
452 3237 539 3276 nemo
552 3217 719 3294 putabatur
739 3217 796 3276 nisi
816 3218 931 3295 pariter
944 3218 1057 3291 volens,

170 3296 250 3355 dona
283 3295 384 3354 omnia
417 3296 449 3354 in
483 3294 669 3371 benignitate
704 3294 904 3357 habebantur.
959 3297 1058 3378 Igitur

171 3373 322 3451 quaestori
342 3372 487 3434 mandata
507 3372 621 3434 Bocchi
641 3374 845 3452 patefaciunt3
864 3376 1057 3442 simulabas
