2392 3692
401 117 455 182 ori
475 132 593 184 nstro
616 131 864 184 Juouarmro.
1058 117 1100 178 41

163 302 329 365 souratum,
357 290 527 372 perieulum
555 310 681 370 anoeps;
708 298 858 370 P⁰⁸tremo
884 288 989 368 fugere
1016 311 1056 350 an

163 395 288 436 manere
315 373 412 434 tutius
438 371 523 444 foret,
551 372 583 431 in
611 372 726 431 inoerto
752 379 826 430 erat.
867 369 926 430 Sed
954 391 994 430 ex
1020 391 1056 431 eo

163 475 300 528 numero,
318 473 393 533 quos
413 451 505 532 paulo
525 461 597 512 ante
618 459 774 532 corruptos
793 451 936 522 diximus,
951 450 1056 511 oohors

163 557 228 598 una
241 536 392 615 Ligurum
408 554 477 594 oum
491 532 610 593 duabus
624 533 732 592 turmis
741 531 895 592 Thracum
908 541 939 592 et
952 531 1056 611 pauois

163 617 312 698 gregariis
336 613 484 674 militibus
506 613 652 674 transiere
675 614 715 674 ad
739 633 849 692 regem,
870 621 901 672 et
921 613 1056 673 centurio
1085 615 1102 672 5

163 698 258 778 primi
285 696 341 776 pili
367 695 474 756 tertiae
501 694 627 774 legionis
653 715 707 773 per
734 694 940 766 munitionem,
964 712 1056 772 quam

163 779 214 839 uti
233 777 406 838 defenderet
427 784 592 854 aooeperat,
607 774 708 835 looum
728 773 864 834 hostibus
883 773 1056 834 introeundi
1119 786 1123 793 ’

164 859 260 931 dedit,
272 878 368 936 eaque
382 855 535 916 Numidae
550 855 652 916 cuncti
665 855 809 934 irrupere.
851 853 955 916 Nostri
968 853 1056 914 foeda

163 941 249 1019 fuga,
264 938 398 1019 plerique
418 937 542 1016 abjectis
563 937 663 1008 ermis,
677 955 862 1015 proxumum
882 934 990 996 eollem
1010 956 1056 996 oe-

163 1027 365 1100 oupaverunt.
406 1017 479 1078 Nox
507 1025 598 1096 atque
622 1016 735 1096 praeda
758 1024 925 1077 castrorum
949 1015 1056 1089 hostes,
1066 1019 1104 1077 10

164 1123 227 1181 quo
248 1100 348 1160 minus
368 1099 495 1160 viotoria
516 1106 682 1170 uterentur,
705 1105 856 1158 remorata
874 1104 954 1157 sunt.
996 1095 1056 1156 De

163 1182 238 1242 inde
262 1180 419 1259 Jugurtha
442 1187 560 1258 postero
584 1178 633 1239 die
656 1197 725 1238 oum
746 1177 830 1237 Aulo
852 1177 883 1236 in
908 1175 1056 1255 eolloquio

163 1261 262 1324 verba
282 1260 372 1322 facit:
400 1261 520 1320 tametsi
540 1259 640 1338 ipsum
668 1278 737 1320 oum
764 1258 901 1319 exercitu
925 1257 1006 1318 fame
1025 1265 1056 1318 et

164 1343 247 1404 ferro
262 1341 398 1403 olausum
417 1349 540 1412 teneret,
555 1349 658 1400 tamen
677 1360 709 1399 se
730 1358 891 1399 memorem
911 1336 1056 1399 humana

165 1444 237 1484 rum
251 1443 361 1495 rerum,
372 1422 397 1481 si
410 1440 511 1482 seeum
524 1420 629 1481 foedus
643 1419 763 1492 faeeret,
777 1418 942 1480 incolumes
955 1439 1056 1480 omnes
1066 1421 1103 1480 15

164 1503 225 1566 sub
248 1504 357 1583 jugum
378 1501 555 1574 missurum;
583 1509 740 1580 praeterea
759 1501 805 1561 uti
825 1499 932 1561 diebus
953 1500 1056 1561 deeem

165 1583 317 1644 Numidia
343 1583 508 1644 decederet.
564 1581 653 1658 Quae
680 1601 865 1660 quamquam
891 1580 999 1660 gravia
1025 1589 1056 1642 et

165 1664 265 1744 flagiti
286 1663 377 1743 plena
396 1671 491 1736 erant,
512 1671 623 1735 tamen,
641 1663 713 1741 quia
736 1663 840 1722 mortis
863 1669 945 1721 metu
969 1669 1057 1721 nuta-

166 1745 252 1818 bant,
266 1745 356 1806 sieuti
370 1744 433 1823 regi
448 1743 598 1817 lubuerat,
613 1763 675 1823 pax
689 1743 838 1804 eonvenit.

208 1827 258 1888 39.
279 1825 339 1886 Sed
353 1824 406 1885 ubi
420 1845 456 1885 ea
469 1823 584 1885 Romae
596 1833 750 1904 comperta
762 1832 842 1896 sunt,
854 1832 951 1883 metus
966 1832 1056 1901 atque
1065 1825 1104 1884 20

166 1927 285 1966 maeror
306 1905 460 1967 civitatem
481 1905 625 1966 invasere.
666 1905 742 1965 Pars
762 1904 864 1965 dolere
884 1924 939 1983 pro
959 1903 1057 1980 gloria

167 1987 284 2066 imperi,
299 2007 368 2066 pars
389 1984 509 2046 insolita
529 2006 630 2046 rerum
651 1985 830 2046 bellicarum
849 1985 955 2045 timere
968 1983 1056 2045 liber·

166 2069 241 2140 tati;
263 2067 347 2128 Aulo
361 2087 462 2127 omues
476 2065 576 2127 infesti
597 2087 633 2128 ao
651 2086 794 2126 maxume
807 2066 860 2144 qui
874 2065 955 2126 bello
967 2085 1056 2144 saepe

166 2147 317 2227 praeclari
343 2147 473 2219 fuerant,
501 2147 583 2226 quod
617 2156 751 2207 armatus
785 2146 929 2207 dedeeore
956 2146 1055 2225 potius

188 2249 259 2289 uam
288 2247 380 2288 manu
407 2226 535 2288 salutem
562 2228 759 2306 quaesiverat.
812 2226 861 2287 Ob
888 2247 925 2287 ee
952 2226 1104 2287 oonsu125

212 2309 302 2370 binus
322 2329 361 2369 ex
382 2307 492 2369 delioto
512 2307 615 2368 fratris
635 2308 780 2368 invidiam
800 2327 836 2368 ao
855 2307 963 2367 deinde
980 2307 1055 2386 peri-

168 2389 273 2452 eulum
296 2389 414 2460 timens,
441 2397 579 2448 senatum
607 2389 645 2448 de
671 2389 790 2448 foedere
817 2387 1001 2460 consulebat,
1024 2396 1056 2448 ot

168 2479 270 2531 tamen
292 2469 412 2530 interim
433 2469 580 2529 exercitui
599 2468 842 2549 supplementum
862 2467 1001 2540 seribere,
1015 2467 1056 2528 ab

168 2551 255 2611 sooiis
278 2557 308 2610 et
332 2550 452 2610 nomine
477 2548 588 2610 Latino
609 2549 727 2610 auxilie
746 2569 905 2621 aeoersere,
927 2549 1056 2628 denique

169 2629 308 2692 omnibus
322 2630 416 2690 modis
426 2629 575 2690 festinare.
618 2629 754 2702 Senatus,
766 2629 811 2689 ita
820 2630 867 2689 uti
877 2650 933 2708 par
943 2629 1053 2701 fuerat,
1065 2631 1103 2690 30

169 2710 313 2782 deoernit,
327 2730 381 2770 suo
405 2718 495 2789 atque
520 2709 625 2788 populi
649 2711 762 2789 injussu
783 2708 903 2769 nullum
964 2711 1056 2770 tuisse

169 2791 274 2852 foedus
287 2790 360 2850 fieri.
402 2789 514 2851 Consul
535 2790 697 2869 impeditus
717 2810 735 2850 a
755 2789 885 2851 tribunis
899 2812 919 2869 p
932 2790 1004 2863 ebis,
1018 2811 1057 2851 ne

169 2892 245 2950 quas
255 2880 419 3011 paraverat
440 2871 540 2950 oopias
560 2891 661 2932 seeum
675 2879 818 2949 portaret,
832 2871 936 2950 paucis
950 2870 1057 2931 diebus

170 2952 202 3012 in
222 2951 254 3013 A
284 2952 362 3012 ioam
403 2950 598 3012 rofioisoitur:
620 2971 691 3011 nam
712 2951 809 3011 omnis
829 2952 988 3025 exereitus,
1011 2952 1056 3011 uti

170 3041 360 3104 convenerat,
420 3031 537 3092 umidia
570 3031 717 3092 deduotus
745 3031 777 3090 in
805 3032 962 3111 provincia
995 3032 1056 3091 hie
1065 3032 1102 3092 35

169 3112 282 3174 mahat.
334 3112 497 3190 Postquam
525 3133 559 3174 eo
587 3113 679 3185 venit,
707 3132 892 3191 quamquam
919 3113 1057 3191 persequi

170 3193 357 3274 Jugurtham
378 3202 408 3253 et
429 3193 541 3254 mederi
561 3194 714 3254 fraternae
734 3192 869 3253 invidiae
889 3193 990 3253 animo
1011 3213 1056 3251 ar-

170 3274 270 3347 debat,
285 3274 412 3353 eognitis
431 3273 585 3346 militibus,
601 3293 674 3352 quos
694 3281 813 3350 praeter
833 3273 938 3349 fugam
958 3271 1057 3332 soluto

169 3354 295 3434 imperio
315 3353 437 3414 lieentia
458 3362 549 3430 atque
569 3352 694 3412 lascivia
715 3359 900 3426 eorruperat,
914 3370 953 3407 ex
970 3351 1057 3424 eopia

169 3454 270 3496 rerum
284 3434 391 3496 statuit
405 3432 462 3494 sibi
476 3431 554 3491 nihil
568 3429 755 3509 agitandum.
