2392 3692
121 147 162 211 82
409 160 434 210 0.
453 159 633 212 suuucsrr
653 158 774 209 csrsrr

168 319 309 381 advorsos
337 338 492 380 acerrume
519 326 697 397 pugnantes,
721 317 760 378 ab
783 327 869 396 tergo
893 308 1060 380 circumve·

168 401 250 473 nire;
278 419 375 478 neque
394 399 492 460 virtus
518 417 616 476 neque
643 417 729 457 arma
755 398 828 458 satis
854 407 964 476 tegere,
985 399 1061 477 quia

168 481 267 541 hostes
287 500 412 540 numero
433 479 534 558 plures
554 487 585 540 et
605 478 740 556 undique
763 477 938 540 circumfusi
960 488 1059 540 erant.

169 561 310 641 Denique
331 559 462 620 Romani
479 567 593 621 veteres
614 559 745 638 novique
764 568 795 620 et
815 558 855 619 ob
875 579 914 633 ea
930 560 1061 622 scientes

142 640 250 714 dbelli,
278 642 303 701 si
330 661 404 720 quos
428 639 512 702 locus
539 647 593 700 aut
620 659 707 700 casus
734 640 942 718 conjunxerat,
971 640 1060 701 orbes

168 722 275 794 facere,
295 730 386 799 atque
413 720 458 780 ita
484 719 523 780 ab
550 719 689 780 omnibus
716 719 853 798 partibus
873 721 964 781 simul
983 723 1060 782 tecti

168 811 198 862 et
212 802 351 862 instructi
364 801 495 862 hostium
509 801 572 862 vim
586 799 804 861 sustentabant.

210 882 258 945 98.
280 881 387 960 Neque
408 882 440 941 in
460 901 495 941 eo
515 890 578 941 tam
599 901 705 960 aspero
724 882 843 961 negotio
864 882 982 942 Marius
999 890 1060 942 ter-

168 963 244 1023 ritus
263 971 318 1022 aut
339 961 434 1041 magis
453 981 544 1040 quam
565 969 656 1021 antea
668 963 795 1023 demisso
808 963 910 1023 animo
923 961 992 1036 fuit,
1005 963 1060 1023 sed

123 1045 237 1104 lOoum
258 1052 360 1103 turma
379 1062 443 1115 sua,
465 1062 556 1121 quarn
580 1062 620 1101 ex
644 1042 822 1104 fortissumis
846 1043 941 1122 magis
965 1064 1059 1122 quam

168 1123 418 1184 familiarissumis
438 1130 608 1202 paraverat,
629 1123 734 1202 vagari
761 1125 880 1203 passim,
905 1145 942 1184 ac
970 1124 1061 1184 modo

168 1203 377 1265 laborantibus
395 1203 457 1263 suis
477 1223 659 1276 succurrere,
678 1204 767 1264 modo
786 1204 893 1276 hostes,
915 1203 970 1264 ubi
990 1224 1060 1265 con·

168 1285 330 1346 fertissumi
364 1283 551 1357 obstiterant,
578 1284 740 1356 invadere;
775 1304 868 1344 manu
903 1285 1060 1346 consulere

168 1364 324 1438 militibus,
348 1364 491 1444 quoniam
518 1364 675 1443 imperare,
699 1363 886 1426 conturbatis
909 1365 1059 1437 omnibus,

122 1449 229 1507 lbnon
252 1455 378 1525 poterat.
420 1443 552 1523 Jamque
576 1445 640 1504 dies
667 1454 861 1524 consumptus
888 1455 963 1518 erat,
988 1467 1059 1506 cum

168 1536 270 1588 tamen
284 1524 407 1586 barbari
421 1524 499 1586 nihil
513 1525 674 1598 remittere,
688 1534 788 1604 atque,
802 1527 849 1586 uti
869 1546 953 1605 reges
974 1547 1060 1606 prae-

171 1616 321 1687 ceperant,
342 1614 462 1667 noctem
483 1626 538 1685 pro
558 1626 589 1666 se
609 1605 678 1678 rati,
697 1606 797 1666 acrius
816 1606 937 1666 instare.
979 1606 1060 1666 Tum

169 1689 287 1749 Marius
306 1708 346 1748 ex
368 1687 454 1767 copia
473 1707 575 1748 rerum
596 1685 754 1746 consilium
773 1686 879 1760 trahit,
900 1695 994 1766 atque
1013 1687 1060 1748 uti

168 1769 229 1830 suis
256 1767 390 1846 receptui
418 1767 501 1828 locus
528 1775 613 1839 esset,
641 1765 732 1829 colles
766 1766 841 1828 duos
874 1768 1060 1847 propinquos

122 1851 248 1912 asinar
257 1869 288 1910 se
299 1856 435 1927 occupat,
447 1868 576 1928 quorum
586 1847 619 1907 in
632 1867 701 1919 uno,
712 1847 818 1909 castris
827 1868 937 1928 parum
947 1849 1059 1928 amplo,

169 1931 234 1990 fons
248 1949 345 2009 aquae
359 1947 487 2008 magnus
501 1937 575 2001 erat,
589 1927 668 1988 alter
687 1928 756 1988 usui
776 1938 972 2008 opportunus,
987 1929 1060 2008 quia

169 2031 280 2090 magna
302 2017 388 2089 parte
411 2008 510 2070 editus
529 2017 560 2069 et
580 2028 723 2087 praeceps
745 2029 844 2087 pauca
871 2009 1061 2070 munimenta

169 2089 341 2170 quaerebat.
384 2088 526 2150 Ceterum
540 2089 623 2167 apud
636 2109 748 2168 aquam
761 2087 880 2149 Sullam
894 2110 962 2149 cum
977 2091 1060 2169 equi-

167 2171 251 2232 tibus
271 2179 389 2232 noctem
411 2170 526 2249 agitare
547 2168 647 2240 ‘ubet3
668 2169 730 2248 ipse
748 2169 897 2248 paulatim
912 2171 1060 2248 dispersos

122 2253 160 2314 25
169 2252 288 2324 milites,
302 2271 400 2330 neque
421 2251 520 2310 minus
540 2191 676 2310 lrostibus
696 2249 893 2322 conturbatis,
909 2251 941 2310 in
962 2271 1060 2310 unum

170 2331 331 2405 contrahit,
346 2331 416 2392 dein
438 2339 560 2391 cunctos
582 2331 672 2409 pleno
691 2330 788 2409 gradu
810 2329 842 2389 in
863 2330 970 2391 collem
991 2331 1060 2391 sub

169 2415 262 2475 ducit.
304 2412 355 2473 Ita
375 2431 460 2490 reges
479 2411 538 2472 loci
559 2410 738 2472 difficultate
758 2411 855 2472 coacti
875 2410 990 2490 proelio
1010 2413 1059 2472 de

167 2502 331 2565 terrentur,
355 2511 452 2571 neque
476 2500 579 2552 tamen
603 2511 671 2551 suos
695 2490 813 2570 longius
835 2490 919 2552 abire
945 2492 1059 2564 sinunt,

169 2576 222 2636 sed
249 2583 377 2653 utroque
412 2571 488 2633 colle
521 2571 717 2632 multitudine
750 2571 947 2645 circumdato,
974 2573 1060 2634 effirsi

1142 1827 1145 1833 ·

81 2687 82 2692 1
122 2657 160 2716 30
170 2655 337 2716 consedere.
379 2652 460 2712 Dein
485 2650 596 2713 crebris
621 2651 740 2731 ignibus
764 2652 861 2725 factis,
882 2652 1061 2734 plerumque
1177 2686 1178 2725 ,

170 2735 266 2797 noctis
286 2732 409 2795 barbari
429 2753 511 2794 more
535 2753 588 2793 suo
609 2733 725 2805 laetari,
746 2732 907 2806 exsultare,
927 2742 1060 2813 strepere

169 2816 303 2889 vocibus,
325 2824 355 2876 et
376 2813 434 2892 ipsi
461 2813 552 2874 duces
579 2813 700 2887 feroces,
721 2813 792 2892 quia
819 2833 880 2873 non
908 2813 1059 2893 fugerant,

170 2917 225 2976 pro
248 2894 414 2958 victoribus
441 2913 538 2973 agere.
580 2893 640 2955 Sed
664 2916 700 2956 ea
723 2903 833 2954 cuncta
854 2893 1000 2954 Romanis
1020 2915 1059 2954 ex

170 2977 300 3039 tenebris
323 2985 354 3037 et
377 2973 553 3036 editioribus
578 2975 649 3035 locis
672 2974 775 3035 facilia
798 2974 866 3036 visu
890 2994 1060 3054 magnoque

18 3049 19 3056 ἵ
123 3059 161 3120 35
170 3059 359 3119 hortamento
373 3063 468 3116 erant.

213 3138 264 3197 99.
292 3135 475 3194 Plurumum
503 3153 573 3193 vero
604 3133 722 3192 Marius
749 3133 901 3210 imperitia
927 3135 1060 3195 hostium

173 3214 374 3282 confirmatus,
384 3230 476 3287 quam
486 3230 664 3269 maxumum
677 3210 831 3270 silentium
845 3213 951 3273 haberi
961 3215 1059 3292 jubet,

175 3312 213 3348 ne
236 3292 322 3366 signa
346 3288 477 3365 quidem,
498 3288 544 3346 uti
564 3309 617 3364 per
637 3289 757 3365 vigilias
776 3290 921 3361 solebant,
942 3313 1059 3353 canere.

175 3368 293 3426 Deinde
317 3366 371 3425 ubi
394 3366 450 3424 lux
473 3365 667 3436 adventabat,
691 3368 811 3427 defessis
833 3371 898 3448 jam
923 3370 1060 3432 hostibus
