2392 3692
370 21 374 32 .
423 2 438 32 Τ

372 38 423 141 a

334 151 389 200 DE
411 150 697 202 OONJURATIONE
719 151 929 202 CATILINAE.
1056 138 1100 201 99

164 310 251 370 malis
271 308 390 370 imbuta
410 330 517 389 corpus
538 311 734 391 animumque
750 311 869 372 virilem
890 310 1051 385 effeminat,

163 410 279 469 semper
299 390 427 463 infinita,
449 389 628 450 insatiabilis
649 401 702 464 est,
723 412 819 470 neque
844 392 931 471 eopia
954 412 1052 471 neque

164 471 265 557 inopia
286 472 441 531 minuitur.
482 470 542 531 Sed
562 480 721 551 postquam
736 472 772 532 L.
787 471 882 545 Sulla,
896 473 988 532 armis
1007 494 1050 533 re

164 559 251 631 cepta
264 571 297 611 re
310 551 441 630 publica,
456 551 540 612 bonis
561 552 655 612 initiis
675 552 769 613 malos
788 561 913 614 eventus
931 552 1049 626 habuit,

164 651 270 710 rapere
297 652 407 704 omnes,
434 632 563 704 trahere,
592 632 715 693 domum
743 632 830 706 alius,
857 633 936 693 alius
963 654 1051 713 agros
1079 636 1098 693 5

164 731 282 791 cupere,
310 731 406 791 neque
441 712 563 772 modum
595 732 692 792 neque
718 714 895 774 modestiam
922 714 1051 775 victores

164 792 284 865 habere,
305 791 392 852 foeda
404 792 608 932 'crudeliapue
628 793 660 853 in
681 794 761 854 cives
782 794 918 854 facinora
942 794 1049 855 facere.

167 872 238 933 Huc
258 872 428 945 accedebat,
442 873 523 952 quod
574 920 580 932 .
602 872 690 934 Sulla
710 875 886 947 exercitum,
907 894 995 953 quem
1017 875 1050 934 in

165 953 239 1012 Asia
266 953 454 1025 ductaverat,
482 974 541 1032 quo
575 953 633 1013 sibi
665 954 760 1014 fidum
794 955 915 1028 faceret,
944 964 1049 1016 contra

165 1054 276 1093 morem
298 1034 446 1112 majorum
466 1033 621 1094 luxuriose
640 1034 788 1113 nimisque
812 1034 978 1096 liberaliter
998 1035 1099 1096 ha-IO

165 1114 288 1185 buerat;
302 1113 369 1173 loca
383 1134 516 1186 amoena,
526 1114 701 1193 voluptaria
715 1115 804 1176 facile
818 1116 850 1175 in
864 1117 925 1176 otio
939 1117 1051 1176 feroces

164 1193 294 1253 militum
315 1193 429 1254 animos
449 1194 649 1256 molliverant.
692 1194 741 1255 Ibi
762 1196 894 1275 primum
918 1197 1049 1257 insuevit

163 1274 313 1334 exercitus
337 1274 442 1353 populi
466 1274 597 1335 Romani
622 1296 733 1349 amare,
757 1285 871 1355 potare,
892 1277 986 1356 signa,
1006 1288 1051 1338 ta·

165 1354 252 1414 bulas
279 1355 383 1433 pictas,
404 1375 478 1415 vasa
505 1355 622 1416 caelata
649 1356 762 1429 mirari,
786 1377 822 1417 ea
848 1357 991 1437 privatim
1019 1367 1049 1418 et

164 1434 284 1514 publice
308 1455 421 1513 rapere,
443 1435 570 1495 delubra
593 1435 731 1515 spoliare,
751 1458 837 1498 sacra
864 1438 1050 1517 profanaque
1060 1439 1098 1498 15

163 1515 265 1576 omnia
285 1514 427 1594 polluere.
469 1515 569 1595 Igitur
588 1516 622 1576 hi
642 1517 760 1590 milites,
778 1528 937 1597 postquam
957 1520 1050 1580 victo

163 1596 240 1655 riam
254 1596 356 1675 adepti
369 1604 448 1669 sunt,
463 1596 541 1655 nihil
555 1596 665 1676 reliqui
679 1598 768 1659 victis
780 1598 886 1660 fecere.
928 1599 1051 1679 Quippe

163 1676 311 1737 secundae
338 1696 384 1745 res
411 1677 592 1756 sapientium
619 1678 734 1739 animos
761 1678 909 1758 fatigant3
940 1700 978 1740 ne
1005 1680 1051 1740 illi

163 1756 311 1835 corruptis
326 1756 458 1816 moribus
472 1758 616 1818 victoriae
630 1767 841 1839 temperarent.

202 1838 248 1899 12.
271 1836 434 1916 Postquam
455 1838 580 1900 divitiae
600 1838 707 1900 honori
728 1860 790 1900 esse
810 1861 940 1921 coepere,
955 1850 985 1902 et
1001 1862 1050 1902 eas
1060 1842 1098 1900 20

162 1918 268 1997 gloria,
296 1917 464 1997 imperium,
498 1920 634 1998 potentia
667 1920 858 1999 sequebatur,
892 1921 1050 1983 hebescere

162 1998 268 2070 virtus,
283 2006 446 2076 paupertas
466 1999 576 2079 probro
597 2000 711 2074 haberi,
726 2000 899 2063 innocentia
917 2024 972 2083 pro
991 2022 1051 2062 ma·

163 2077 325 2140 levoleutia
335 2078 406 2139 duci
420 2080 525 2157 coepit.
566 2078 668 2159 Igitur
680 2101 719 2141 ex
734 2082 848 2143 divitiis
857 2084 1051 2162 juventutem

162 2158 287 2218 luxuria
307 2166 398 2237 atque
418 2160 548 2221 avaritia
572 2181 641 2221 cum
665 2162 807 2242 superbia
831 2164 984 2236 invasere;
1005 2183 1051 2222 ra·

163 2260 241 2318 pere,
263 2258 444 2312 consumere,
466 2260 521 2300 sua
541 2242 630 2319 parvi
650 2243 789 2322 pendere,
811 2244 911 2303 aliena
932 2264 1049 2323 cupere,
1060 2242 1097 2301 25

163 2320 317 2403 pudorem,
331 2318 519 2398 pudicitiam,
534 2320 639 2383 divina
659 2331 751 2402 atque
772 2323 907 2384 humana
927 2325 1050 2402 promis-

164 2398 331 2472 cua‚‘nihil
358 2400 442 2479 pensi
470 2421 566 2480 neque
593 2403 741 2463 moderati
769 2403 888 2465 habere.
931 2403 1050 2483 Operae

164 2480 365 2559 pretiuffiffdst,
387 2483 456 2551 edm
477 2478 579 2559 domos
595 2478 801 2562 atqiiejvillas
822 2486 999 2564 cognoveris
1007 2485 1049 2556 ‘in

164 2560 285 2620 urbium
299 2558 657 2635 modum'b'rdaetiilica‘tzis',¹
672 2559 902 2643 visare'rtempia
916 2562 1057 2638 deo‘riun,2
1071 2621 1080 2628 .

164 2638 353 2719 quab'mostri
375 2641 510 2714 ma‘ores,
530 2642 752 2733 religiosissumi
774 2640 922 2718 mortalis,
945 2641 1098 2707 feoeieih'tl

164 2720 281 2804 veum
309 2720 356 2779 illl
382 2662 509 2791 delubra
523 2718 667 2801 stleuriidr
683 2719 821 2804 pietate:
847 2726 950 2786 domos
983 2748 1051 2787 suas

163 2800 259 2880 gloria
286 2800 601 2882 de'coiab'ant,·⁶ne'q⁰ua
623 2799 715 2865 aiom
743 2802 1052 2887 quimuam³·prtetcr

163 2880 291 2960 injuriae
318 2881 471 2943 licentiam
499 2884 675 2963 eripiebant.
718 2885 764 2947 At
787 2886 820 2946 hi
845 2897 949 2948 contra
970 2888 1051 2967 lgna-

162 2961 286 3023 vissumi
299 2961 434 3023 homines
448 2984 501 3042 per
514 2985 666 3025 summum
685 2966 781 3027 scelus
802 2969 903 3028 omnia
917 2989 953 3029 ea
966 2968 1052 3028 sociis

163 3042 303 3114 adimere,
324 3063 402 3121 quae
430 3043 594 3105 fortissumi
614 3046 673 3106 viri
694 3048 822 3107 victores
850 3047 1096 3127 reliquerant335

163 3123 287 3202 proinde
308 3124 394 3202 quasi
419 3124 559 3203 injuriam
581 3125 689 3198 facere,
710 3126 741 3186 id
762 3127 883 3187 demum
904 3135 978 3187 esset
999 3128 1052 3186 im·

200 3203 244 3263 rio
258 3204 311 3264 uti.

163 3222 247 3345 pelss.
269 3283 350 3345 Nam
372 3284 445 3363 quid
466 3306 502 3345 ea
523 3306 693 3357 memorem,
708 3306 785 3363 quae
802 3287 859 3345 nisi
875 3288 925 3356 eis,
940 3286 1050 3361 quivi-

163 3363 242 3437 dere,
255 3364 370 3425 nemini
391 3363 548 3424 credibilia
568 3375 647 3436 sunt,
661 3385 681 3423 a
700 3364 827 3442 privatis
848 3363 1052 3439 compluribus

835 3500 869 3534 s!
891 3504 907 3531 e!
925 3504 982 3534 ‘sa‘

516 3546 595 3633 ra
610 3548 657 3631 r„
674 3552 718 3631 n
831 3528 963 3607 «δῆθ’
978 3558 996 3608 0'
1023 3561 1040 3611 ι
