2392 3692
346 159 400 208 nr
417 158 537 208 annno
558 137 803 210 wonomiro.
999 139 1042 206 51

101 319 184 379 missi
206 317 322 396 equites
342 337 405 377 rem
426 316 674 396 exploravissent.
716 315 733 374 Ι
756 316 817 376 'tur
837 336 894 395 pro
912 323 996 376 metu

101 407 227 478 repente
248 397 394 477 gaudium
415 407 572 469 exortum
593 397 704 456 milites
718 337 796 457 alius
812 396 907 457 alium
923 395 996 456 laeti

101 477 273 558 appellant,
291 487 360 538 nota
380 478 505 538 edooent
525 487 617 556 atque
637 477 775 550 audiunt,
795 497 851 537 sua
870 477 997 557 quimus

102 559 197 620 fortia
217 559 300 619 faeta
319 559 360 618 ad
380 558 497 620 eaelum
522 557 589 618 fert.
632 557 756 637 Quippe
776 577 823 617 res
843 557 997 618 humanae

101 641 147 700 ita
161 659 224 699 sese
238 639 368 700 babent:
390 640 422 698 in
436 639 565 700 victoria
579 636 629 699 vel
642 638 762 717 ignavis
774 638 900 718 gloriari
914 637 994 710 lieet,
1023 638 1043 696 5

103 720 252 781 advorsae
266 739 313 779 res
326 719 417 779 etiam
431 718 523 780 bonos
537 719 715 780 detrectant

144 801 194 862 54
216 799 359 860 Metellus
372 799 405 858 in
425 799 537 859 eisdem
558 799 663 860 eastris
681 799 845 878 quatriduo
863 807 998 858 moratus

103 881 222 941 saucios
249 900 318 941 oum
346 899 420 940 eura
447 879 551 952 reficit,
573 880 694 940 meritos
715 881 746 939 in
766 879 888 959 proeliis
914 899 997 940 more

104 961 235 1021 militiae
261 960 362 1032 donat,
383 961 538 1021 univorsos
558 960 590 1020 in
611 960 752 1021 ooneione
775 959 881 1020 laudat
905 969 997 1038 atque

104 1042 169 1120 agit
194 1040 326 1120 gratias3
351 1041 491 1101 hortatur
515 1041 555 1101 ad
578 1050 687 1112 cetera,
709 1061 786 1120 quae
813 1041 893 1101 levia
916 1041 1046 1113 sunt,10

104 1142 211 1201 parem
232 1120 367 1180 animum
388 1131 512 1200 gerant:
534 1141 589 1200 pro
603 1121 732 1183 victoria
750 1121 824 1181 satis
839 1122 906 1201 jam
922 1141 997 1200 pug-

104 1211 222 1274 natum,
244 1200 374 1280 reliquos
401 1201 518 1262 labores
545 1221 600 1280 pro
628 1202 741 1281 praeda
767 1201 839 1262 fore.
881 1201 997 1262 Tamen

104 1283 228 1342 interim
255 1281 427 1360 transfirges
455 1291 485 1342 et
513 1281 587 1342 alios
620 1292 811 1361 opportunos,
840 1281 998 1362 Jugurtha

104 1363 160 1424 ubi
182 1363 318 1441 gentium
338 1372 392 1422 aut
412 1362 486 1441 quid
507 1363 645 1440 agitaret,
666 1383 734 1422 eum
755 1364 897 1443 paucisne
921 1373 998 1423 emet

105 1464 145 1503 an
167 1442 336 1503 exercitum
357 1441 490 1515 haberet,
505 1452 540 1502 ut
560 1463 624 1503 sese
637 1443 735 1503 vietus
753 1453 880 1522 gereret,
894 1444 996 1523 explo
1008 1445 1045 1502 15

105 1533 209 1584 ratum
223 1523 312 1582 misit.
354 1521 399 1583 At
413 1521 465 1582 ille
478 1543 541 1583 sese
553 1523 586 1583 in
600 1523 666 1583 loca
684 1522 817 1604 saltuosa
836 1533 867 1585 et
886 1534 998 1584 natura

105 1603 228 1664 munita
248 1611 410 1682 receperat,
425 1603 578 1682 ibique'oo
615 1603 669 1664 bat
682 1605 851 1665 exereitum
871 1626 998 1665 numero

106 1684 266 1746 hominum
280 1683 465 1762 ampliorem,
476 1683 529 1743 sed
543 1624 681 1744 hebetem
695 1684 917 1765 infirmumque,
932 1686 998 1764 agri

106 1786 143 1826 ae
157 1765 273 1843 peeoris
287 1764 382 1842 magis
395 1783 487 1842 quam
501 1762 575 1824 belli
589 1764 743 1825 cultorem.
786 1765 824 1827 Id
842 1787 879 1827 ea
897 1767 997 1846 gratia

106 1843 275 1916 eveniebat,
297 1844 377 1922 quod
392 1853 517 1984 praeter
537 1845 634 1924 regios
654 1846 769 1924 equites
792 1867 881 1907 nemo
904 1847 1046 1906 omni-20

107 1946 161 1986 um
180 1924 317 1984 Numida
335 1944 374 1984 ex
407 1944 466 2004 uga
485 1945 585 2003 regem
605 1927 759 2004 sequitur:
781 1946 841 2005 quo
855 1927 999 2006 cujusque

107 2006 229 2068 animus
249 2005 317 2077 fert,
332 2025 366 2066 eo
380 2005 557 2076 discedunt;
578 2026 676 2084 neque
696 2007 728 2066 id
748 2007 899 2087 flagitium
920 2007 997 2067 mili·

107 2087 170 2147 tiae
190 2085 329 2146 ducitur:
351 2085 395 2146 ita
407 2105 438 2146 se
452 2106 548 2146 mores
562 2084 684 2147 habent.
728 2087 827 2167 Igitur
847 2087 998 2161 Metellus,

107 2167 163 2228 ubi
186 2166 270 2227 videt
297 2166 375 2246 regis
402 2165 493 2226 etiam
521 2176 587 2227 tum
615 2168 750 2227 animum
775 2169 903 2229 ferocem
927 2190 998 2242 esse,

107 2247 224 2308 bellum
238 2247 386 2320 renovari,
395 2246 476 2326 quod
490 2246 547 2307 nisi
561 2267 601 2308 ex
614 2247 697 2308 illius
711 2247 847 2309 lubidine
861 2250 924 2328 geri
938 2271 998 2310 non
1008 2252 1046 2310 25

195 2336 216 2400 t,
236 2335 391 2406 praeterea
411 2327 549 2406 iniquum
571 2336 723 2388 certamen
743 2328 800 2389 sibi
821 2350 890 2389 eum
911 2332 999 2392 hosti-

107 2348 301 2481 blideranno
314 2407 495 2468 detrimento
509 2407 577 2469 illos
587 2408 670 2470 vinei
684 2427 775 2487 quam
789 2429 857 2470 suos
870 2411 998 2484 vincere,

108 2489 216 2550 statuit
230 2509 291 2549 non
304 2487 426 2567 proeliis
440 2508 537 2568 neque
550 2489 582 2549 iu
597 2489 670 2561 acie,
683 2488 736 2549 sed
757 2488 818 2550 alio
837 2511 920 2552 more
938 2493 999 2552 bel-

109 2569 175 2630 lum
199 2569 377 2648 gerundum.
420 2568 528 2648 Itaque
552 2569 584 2628 in
608 2569 676 2629 loca
697 2567 862 2631 Numidiae
885 2572 1007 2652 opulen-

108 2649 225 2710 tissima
238 2649 345 2728 pergit,
360 2670 447 2728 agros
461 2658 570 2722 vastat,
585 2649 685 2710 multa
695 2650 828 2728 ¹castella
843 2660 872 2711 et
886 2653 999 2732 oppida
1007 2655 1046 2713 30

108 2739 222 2791 temere
236 2730 354 2789 munita
371 2739 424 2791 aut
438 2730 502 2790 sine
516 2730 665 2809 praesidio
685 2731 767 2810 capit
787 2731 998 2813 incenditque;

109 2809 238 2890 puberes
258 2809 386 2871 interfici
402 2810 500 2890 jubet,
515 2810 577 2870 alia
593 2811 695 2871 omnia
709 2811 841 2872 militum
855 2815 998 2893 praedam

108 2910 180 2952 esse.
223 2888 271 2950 Ea
287 2890 448 2954 formidine
468 2890 558 2951 multi
578 2891 720 2952 mortales
742 2891 887 2955 Romanis
905 2895 999 2956 dediti

108 2970 244 3043 obsides3
264 2970 451 3033 frumentum
471 2980 501 3032 et
522 2970 591 3045 alia,
613 2991 691 3052 quae
711 2973 779 3032 usui
800 2974 908 3048 forent,
929 2977 1000 3045 affa-

107 3053 165 3115 tim
186 3051 340 3131 praebita;
362 3052 545 3131 ubicumque
558 3073 606 3112 res
619 3051 801 3131 postulabat,
815 3056 998 3133 praesidium
1009 3057 1045 3116 35

107 3132 292 3212 impositum.
334 3132 423 3208 Quae
443 3153 481 3193 ue
502 3132 564 3192 otia
584 3133 681 3192 multo
700 3134 795 3211 magis
812 3155 903 3211 quam
917 3157 1000 3215 proe·

109 3213 185 3273 lium
196 3212 277 3273 male
286 3223 456 3292 pugnatum
467 3154 506 3273 ab
517 3213 577 3272 suis
587 3233 688 3291 regem
697 3212 851 3274 terrebant
861 3237 868 3286 ;
880 3215 999 3296 quippe,

109 3293 196 3373 eujus
214 3313 281 3373 spes
298 3294 394 3354 omnis
415 3295 447 3352 in
468 3294 541 3371 fuga
561 3293 620 3352 sita
640 3301 714 3362 erat,
728 3295 813 3369 sequi
828 3295 999 3370 cogebatur,

108 3382 140 3436 et
168 3374 222 3454 qui
247 3393 302 3434 sua
330 3373 397 3434 loca
424 3372 582 3432 defendere
617 3371 804 3448 nequiverat,
831 3371 864 3456 in
894 3371 1001 3430 alienis
