2392 3692
102 121 145 186 40
391 139 417 189 c.
437 137 615 191 srsrusrr
636 140 758 190 carsrr

151 294 214 355 lum
229 297 365 357 socordia
379 297 474 376 magis
487 317 578 376 quam
593 297 663 358 dolo
677 299 841 359 crederent.
884 298 945 360 Sed
964 308 1041 379 post

151 397 243 518 pram
260 377 377 456 dilapso
395 386 529 457 tempore
550 378 739 439 comitiorum
760 379 824 439 dies
844 379 1041 454 adventabat,

149 519 150 522 ,
183 456 293 531 lbinus,
307 457 390 518 Aulo
410 458 505 518 fratre
525 459 557 518 in
579 460 685 519 castris
699 479 754 538 pro
769 468 908 538 praetore
925 461 1040 535 relicto,

151 538 281 599 Romam
296 539 428 600 decessit.

58 684 71 700 ‚
124 619 142 678 5
192 619 239 681 37.
264 619 312 679 Ea
325 628 502 699 tempestate
522 619 639 680 Romae
658 620 856 696 seditionibus
870 620 1042 682 tribuniciis

151 700 294 760 atrociter
307 720 353 760 res
366 700 490 780 publica
503 700 687 779 agitabatur.
729 700 763 760 P.
785 700 936 763 Lucullus
954 711 986 763 et
1003 702 1040 762 L.

151 779 282 853 Annius,
303 780 418 841 tribuni
439 780 544 860 plebis,
565 780 770 842 resistentibus
797 782 927 862 collegis,
948 783 1041 843 conti-

151 881 246 921 nuare
267 862 477 941 magistratum
498 860 685 935 nitebantur,
700 882 778 940 quae
791 862 934 924 dissensio
947 864 1040 924 totius

151 942 225 1001 anni
246 942 367 1003 comitia
387 941 579 1021 impediebat.
622 942 671 1002 Ea
684 963 769 1003 mora
783 943 814 1002 iu
828 964 910 1022 spem
929 944 1041 1006 adduc

105 1022 142 1082 10
152 1032 200 1083 tus
223 1022 332 1095 Aulus,
358 1043 446 1102 quem
471 1043 526 1102 pro
550 1031 688 1102 praetore
711 1023 744 1082 in
766 1023 873 1111 pastris
900 1024 1041 1086 relictum

151 1123 243 1182 supra
257 1104 399 1176 diximus,
410 1112 465 1164 aut
479 1103 661 1164 conficiundi
675 1103 749 1164 belli
762 1112 816 1164 aut
828 1113 944 1166 terrore
957 1126 1041 1166 exer·

151 1184 229 1244 citus
256 1183 294 1244 ab
322 1204 392 1263 rege
419 1184 565 1263 pecuniae
593 1184 770 1263 capiundae,
798 1185 909 1246 milites
939 1206 1041 1248 mense

151 1263 301 1325 Januario
322 1285 361 1324 ex
382 1264 515 1325 hibernis
535 1265 567 1324 in
588 1265 811 1343 expeditionem
829 1274 945 1340 evocat,
958 1287 1041 1347 mag·

151 1345 257 1423 nisque
271 1344 428 1406 itineribus
442 1345 539 1405 hieme
556 1365 663 1424 aspera
676 1346 813 1424 pervenit
834 1347 873 1406 ad
894 1347 1040 1426 oppidum

105 1423 272 1498 15Suthul,
287 1425 340 1486 ubi
356 1426 434 1505 regis
451 1425 585 1486 thesauri
606 1434 701 1486 erant.
743 1426 835 1502 Quod
856 1447 1040 1507 quamquam

151 1513 181 1566 et
201 1506 329 1567 saevitia
347 1507 490 1586 temporis
504 1516 534 1567 et
549 1507 774 1585 opportunitate
788 1506 846 1568 loci
860 1528 958 1587 neque
971 1509 1040 1588 capi

151 1607 248 1665 neque
266 1587 397 1648 obsideri
416 1596 645 1666 poterat-nam
667 1588 781 1648 circum
802 1608 933 1661 murum,
948 1589 1040 1649 situm

150 1669 182 1727 in
197 1668 352 1747 praerupti
367 1669 476 1728 montis
494 1677 640 1741 extremo,
655 1667 795 1747 planities
808 1668 916 1729 limosa
928 1669 1040 1730 hiema-

151 1748 231 1810 libus
255 1749 340 1828 aquis
364 1748 506 1828 paludem
527 1749 782 1809 fecerat-tamen
802 1758 856 1810 aut
875 1750 1041 1812 simulandi

103 1829 141 1890 20
149 1830 258 1910 gratia,
280 1850 340 1908 quo
361 1829 424 1909 regi
445 1829 637 1890 formidinem
661 1829 796 1902 adderet,
821 1839 875 1891 aut
898 1831 1040 1910 cupidine

150 1931 255 1972 caecus
279 1910 317 1971 ob
341 1909 497 1971 thesauros
521 1909 625 1989 oppidi
645 1910 793 1989 potiundi,
813 1911 918 1972 vineas
941 1932 1039 1991 agere,

149 2011 289 2071 aggerem
313 1992 423 2071 jacere,
444 1991 572 2071 aliaque,
594 2010 672 2070 quae
699 1991 819 2070 incepto
839 1992 907 2053 usui
931 1992 1039 2066 forent,

170 2093 204 2133 ro
242 2091 317 2134 rare.

149 2094 169 2152 p
190 2091 241 2215 abi
262 2151 306 2213 At
320 2151 342 2214 J
343 2153 486 2231 ugurtha,
501 2152 622 2232 cognita
633 2151 770 2213 vanitate
783 2160 875 2232 atque
888 2153 1040 2233 imperitia

102 2234 140 2294 25
150 2233 251 2312 legati,
265 2232 390 2294 subdole
411 2234 474 2313 ejus
495 2253 606 2313 augere
623 2233 797 2306 amentiam,
812 2233 959 2294 missitare
972 2255 1039 2314 sup

149 2314 295 2394 plicantes
323 2314 445 2394 legatos,
473 2315 536 2393 ipse
563 2314 649 2393 quasi
676 2313 863 2376 vitabundus
934 2336 951 2374 r
982 2315 1039 2376 sal·

148 2404 235 2456 tuosa
255 2394 321 2456 loca
341 2403 371 2456 et
392 2395 527 2456 tramites
543 2395 711 2456 exercitum
725 2395 859 2456 ductare.
949 2396 1039 2474 nique

149 2475 268 2537 Aulum
292 2495 344 2556 spe
367 2475 514 2554 pactionis
538 2475 681 2554 perpulit,
706 2476 752 2536 uti
781 2476 886 2537 relicto
909 2475 1039 2537 Suthule

148 2558 181 2616 in
202 2556 321 2617 abditas
341 2556 474 2635 regiones
494 2575 556 2616 sese
576 2555 673 2617 veluti
693 2556 848 2616 cedentem
872 2557 1038 2636 insequere

102 2638 140 2698 30
149 2647 217 2697 tur:
245 2637 289 2696 ita
313 2637 425 2697 delicta
448 2636 613 2698 occultiora
637 2637 729 2697 fuere.
772 2636 893 2697 Interea
912 2658 967 2717 per
987 2637 1038 2699 ho

149 2718 244 2778 mines
265 2716 390 2778 callidos
410 2717 463 2777 diu
484 2725 636 2797 noctuque
659 2718 826 2778 exercitum
850 2717 1037 2797 temptabat;

101 2809 106 2820 '
149 2797 337 2859 centuriones
357 2798 506 2877 ducesque
526 2806 699 2859 turmarum
719 2798 832 2878 partim
846 2798 891 2858 uti
907 2799 1037 2859 transfu-

149 2886 255 2959 gerent
269 2899 468 2958 corrumpere,
483 2877 536 2938 alii
557 2879 643 2958 signo
661 2880 733 2941 dato
751 2879 852 2940 locum
866 2879 912 2939 uti
925 2879 1037 2940 desere

149 2968 225 3020 rent.
269 2959 358 3035 Quae
378 2969 537 3038 postquam
558 2980 597 3020 ex
618 2961 767 3020 sententia
787 2960 917 3032 instruit,
931 2960 1038 3019 intem-

102 3041 140 3101 35
149 3049 234 3120 pesta
254 3048 341 3101 nocte
362 3041 400 3100 de
421 3040 582 3119 improviso
611 3041 807 3100 multitudine
833 3039 1038 3100 Numidarum

149 3120 226 3181 Auli
247 3130 346 3181 castra
367 3121 573 3182 circumvenit.
616 3120 731 3181 Milites
755 3120 887 3182 Romani
908 3120 1037 3200 perculsi

149 3201 284 3262 tumultu
309 3199 437 3271 insolito,
459 3219 544 3260 arma
568 3219 675 3278 capere
699 3199 762 3272 alii,
784 3199 837 3260 alii
861 3222 893 3261 se
916 3200 1037 3275 abdere,

150 3301 219 3359 pars
246 3280 365 3340 territos
393 3278 578 3352 confirmare,
603 3279 756 3357 trepidare
782 3281 922 3342 omnibus
948 3281 1038 3354 locis;

150 3361 197 3422 via
218 3378 328 3438 magna
349 3358 489 3430 hostium,
504 3357 621 3418 caelum
636 3368 723 3418 nocte
737 3366 828 3436 atque
842 3360 974 3423 nubibus
988 3361 1039 3423 ob

1177 1478 1182 1765 l

1178 1777 1182 2035 Ι

1178 2615 1182 2865 Ι

1178 2873 1182 3147 l
