2392 3692
393 141 447 192 nn
466 141 585 193 narro
600 141 855 194 roounrmro.
1002 115 1004 118 ’
1050 127 1093 190 49

150 300 276 372 bantur,
287 319 385 378 neque
400 308 504 360 contra
518 298 651 359 feriundi
665 306 719 358 aut
733 298 907 359 conserendi
921 319 1046 360 manum

151 381 240 461 copia
267 389 350 440 erat:
379 388 450 439 ante
474 380 539 458 jam
566 380 648 440 docti
675 378 715 439 ab
738 378 896 458 Jugurtha
922 379 1045 458 equites,

149 459 206 522 ubi
220 461 430 522 Romanorum
444 468 547 520 turma
560 460 677 539 insequi
692 468 839 539 coeperat,
853 481 914 521 non
931 461 1045 519 conter-

149 545 208 604 tim
230 541 381 623 neque‘in
401 561 498 600 unum
518 561 580 601 sese
601 540 796 619 recipiebant,
814 541 866 601 sed
887 539 965 600 alius
985 539 1045 600 alio

150 645 245 702 quam
270 642 413 682 maxume
438 621 560 682 divorsi.
602 620 654 680 Ita
676 641 802 682 numero
822 621 945 700 priores,
959 620 984 680 si
1004 619 1044 680 ab
1073 621 1092 679 5

128 704 358 782 -persequendo
379 703 478 764 hostes
499 702 650 762 deterrere
677 701 885 780 nequiverant,
907 701 1045 780 disjectos

150 785 191 844 ab
212 795 298 863 tergo
319 793 373 845 aut
393 782 539 844 lateribus
561 781 857 853 circumveniebant;
876 782 923 841 sin
939 801 1044 860 oppor-

150 865 255 924 tunior
275 865 366 944 fugae
387 864 472 925 collis
490 883 583 943 quam
604 862 704 941 campi
718 862 826 935 fuerat,
840 882 877 922 ea
890 881 963 923 vero
977 882 1044 921 con·

149 946 229 1005 sueti
244 944 448 1005 Numidarum
462 944 532 1024 equi
546 942 636 1004 facile
649 943 729 1003 inter
742 942 879 1022 virgulta
898 942 1043 1013 evadere;

149 1034 268 1086 nostros
282 1025 426 1104 asperitas
440 1034 470 1086 et
484 1024 646 1085 insolentia
659 1023 718 1084 loci
731 1022 889 1083 retinebat.
1054 1021 1092 1081 10

192 1106 236 1166 51.
259 1105 401 1166 Ceterum
428 1106 519 1167 facies
545 1104 640 1169 totius
667 1104 769 1183 negoti
795 1103 892 1175 varia,
919 1103 1043 1175 ineerta,

148 1186 240 1246 foeda
254 1194 345 1264 atque
359 1185 552 1247 miserabilis:
575 1185 701 1264 dispersi
720 1206 740 1245 a
759 1185 820 1245 suis
841 1204 912 1264 pars
930 1184 1043 1256 cedere,

148 1266 204 1326 alii
225 1267 352 1345 insequi,
373 1287 470 1346 neque
489 1267 577 1346 signa
600 1286 698 1345 neque
722 1265 842 1325 ordines
866 1264 1043 1335 observare;

148 1347 205 1406 ubi
219 1366 368 1426 quemque
381 1347 549 1427 periculum
564 1356 693 1426 ceperat,
708 1345 751 1406 ibi
765 1345 901 1406 resistere
921 1364 958 1404 ac
977 1364 1043 1423 pro

148 1427 290 1507 pulsare;
318 1447 412 1501 arma,
436 1427 506 1500 tela,
531 1428 610 1506 equi,
631 1427 699 1500 viri,
724 1427 823 1487 hostes
846 1436 938 1504 atque
962 1425 1042 1486 cives
1053 1425 1091 1484 15

149 1508 315 1587 permixti;
336 1508 413 1567 nihil
428 1508 551 1569 consilio
565 1528 662 1587 neque
678 1507 805 1588 imperio
825 1507 884 1586 agi,
900 1505 960 1566 fors
981 1526 1041 1566 om-

148 1589 203 1648 nia
229 1608 340 1668 regere.
383 1588 491 1667 Itaque
515 1587 646 1648 multum
670 1589 729 1649 diei
753 1596 946 1668 processerat,
973 1606 1043 1647 cum

149 1669 324 1729 etiamtum
338 1678 463 1730 eventus
483 1669 516 1729 in
537 1670 652 1729 incerto
672 1677 747 1729 erat.
788 1668 931 1748 Denique
950 1667 1043 1727 omni·

149 1749 209 1809 bus
232 1748 335 1810 labore
359 1758 389 1809 et
413 1758 497 1810 aestu
522 1749 674 1829 languidis
700 1748 853 1822 Metellus,
879 1748 932 1808 ubi
956 1747 1043 1808 videt

149 1828 302 1889 Numidas
322 1830 422 1889 minus
442 1830 563 1902 instare,
584 1829 734 1909 paulatim
757 1829 869 1890 milites
892 1830 925 1888 in
946 1829 1091 1889 unum20

149 1910 302 1982 conducit,
330 1910 449 1970 ordines
483 1911 616 1972 restituit
642 1919 672 1970 et
699 1910 834 1971 cohortes
862 1909 1043 1988 legionarias

150 1999 297 2069 quattuor
323 1991 486 2052 advorsum
508 1990 624 2071 pedites
648 1990 779 2051 hostium
803 1990 941 2051 collocat.
984 1989 1042 2050 Eo

149 2092 221 2130 rum
236 2091 346 2150 magna
359 2092 429 2151 pars
443 2070 646 2152 superioribus
667 2071 739 2132 locis
758 2071 836 2132 fessa
856 2071 1041 2132 consederat.

149 2150 250 2213 Simul
277 2171 363 2212 orare
391 2159 421 2211 et
449 2152 564 2213 hortari
588 2151 706 2225 milites,
730 2172 768 2212 ne
794 2151 958 2213 deficerent
981 2172 1041 2213 neu

149 2240 328 2312 paterentur
362 2231 461 2293 hostes
494 2232 643 2312 fugientes
676 2233 814 2306 vincere3
848 2253 946 2312 neque
980 2232 1042 2293 illis
1051 2233 1089 2292 25

150 2322 252 2373 castra
272 2333 333 2372 esse
354 2332 451 2391 neque
471 2313 693 2373 munimentum
707 2312 813 2385 ullum,
829 2334 889 2392 quo
903 2314 1042 2374 cedentes

149 2393 326 2458 tenderent:
348 2393 380 2451 in
402 2393 493 2453 armis
513 2393 616 2452 omnia
634 2393 700 2452 sita.
741 2392 801 2453 Sed
825 2414 864 2454 ne
884 2391 1042 2473 Jugurtha

150 2473 274 2552 quidem
294 2473 409 2533 interea
430 2474 549 2552 quietus
569 2481 650 2533 erat:
672 2473 840 2546 circumire,
857 2474 983 2548 hortari,
998 2496 1041 2535 re

150 2573 265 2614 novare
291 2553 439 2632 proelium
469 2562 499 2614 et
534 2553 596 2632 ipse
631 2574 700 2615 oum
734 2553 858 2615 delectis
891 2563 1041 2634 temptare

150 2635 262 2706 omnia,
284 2633 444 2695 subvenire
463 2634 533 2707 suis,
552 2634 688 2695 hostibus
708 2634 807 2695 dubiis
827 2635 948 2709 instare,
968 2637 1089 2715 quos30
1190 2710 1191 2715 η

151 2714 254 2774 firmos
269 2722 449 2792 cognoverat
463 2714 579 2775 eminus
593 2715 756 2794 pugnando
770 2716 907 2776 retinere.
1190 2730 1191 2739 ¹

192 2795 242 2856 52.
265 2793 312 2854 Eo
336 2795 424 2855 modo
451 2795 530 2855 inter
556 2816 587 2855 se
614 2797 675 2856 duo
702 2797 906 2875 imperatores,
931 2797 1042 2856 summi

151 2874 220 2947 viri,
236 2874 402 2948 certabant,
416 2875 473 2954 ipsi
487 2896 582 2954 pares,
594 2886 727 2936 ceterum
741 2876 848 2955 opibus
862 2877 1040 2956 disparibus.

151 2954 234 3014 Nam
254 2955 380 3016 Metello
398 2956 495 3016 virtus
519 2956 651 3016 militum
675 2965 748 3029 erat,
770 2957 854 3018 locus
877 2958 1040 3030 advorsus;

151 3034 326 3114 «Iugurthae
354 3035 414 3094 alia
441 3037 541 3096 omnia
568 3046 687 3115 praeter
718 3036 828 3097 milites
862 3048 1040 3116 opportuna.
1050 3037 1089 3097 35

152 3115 292 3194 Denique
313 3115 452 3188 Romani,
473 3115 524 3175 ubi
545 3116 726 3195 intellegunt
746 3137 844 3197 neque
864 3117 922 3178 sibi
942 3119 1041 3198 perfu-

151 3196 236 3274 gium
256 3216 318 3256 esse
338 3216 435 3275 neque
455 3195 494 3255 ab
515 3196 599 3256 hoste
620 3197 736 3275 copiam
758 3198 915 3276 pugnandi
936 3199 1042 3258 fieri-

151 3284 182 3336 et
199 3277 264 3355 jam
288 3277 337 3336 die
357 3297 463 3355 vesper
486 3277 719 3337 erat-advorso
740 3277 826 3349 colle,
847 3279 936 3336 sicuti
957 3299 1041 3355 prae·

152 3365 273 3435 ceptum
301 3356 410 3428 fuerat,
438 3355 580 3416 evadunt.
636 3355 755 3412 Amisso
789 3355 854 3413 loco
888 3355 1042 3414 Numidae

261 3451 367 3508 4-Sal.
