2392 3692
317 166 371 216 aa
394 166 673 217 courcarrrora
698 165 902 216 carrarrma.
1014 152 1077 215 125

140 324 263 405 quando
284 334 315 384 et
336 327 479 404 capessite
500 346 561 386 rem
583 325 747 405 publicam.
788 323 860 384 Non
878 324 980 403 agitur
993 326 1031 385 de

138 403 341 484 vectigalibus
362 426 459 484 neque
480 406 517 466 dc
537 406 686 470 sociorum
706 405 841 484 injuriis:
863 404 986 465 libertas
1000 416 1030 466 et

138 486 242 547 anima
269 494 373 546 nostra
400 486 432 546 in
460 486 552 547 dubio
580 496 635 547 est.
677 485 906 565 Saepenumero,
930 496 1032 564 patres

139 567 312 645 conscripti,
326 566 425 626 multa
439 566 533 628 verba
554 567 584 626 in
607 567 664 627 hoc
685 566 790 627 ordine
810 565 875 638 feci,
890 587 978 645 saepe
993 567 1030 626 de

139 647 266 707 luxuria
293 656 385 726 atque
412 648 542 708 avaritia
570 656 741 708 nostrorum
769 646 882 707 civium
909 657 1030 725 questus
1059 649 1078 706 5

139 748 216 800 sum,
237 728 407 807 multosque
428 728 568 789 mortales
588 748 625 788 ea
645 746 737 788 causa
754 726 897 787 advorsos
916 726 1030 798 habeo;

139 808 193 886 qui
214 808 289 867 mihi
310 817 401 887 atquc
422 808 523 868 animo
543 828 610 867 mco
630 806 745 867 nullius
763 828 816 866 um
836 827 908 867 uam
927 807 1029 867 delicti

139 888 270 966 gratiam
285 888 427 961 fecissem,
442 888 525 948 haud
546 888 635 948 facile
656 887 781 948 alterius
796 887 830 947 lu
852 887 927 947 idini
941 887 1031 948 male

139 969 222 1029 facta
243 968 459 1029 condonabam.
501 968 561 1029 Sed
582 989 619 1029 ea
638 969 758 1028 tametsi
779 988 832 1029 vos
852 968 941 1047 parvi
962 989 1030 1046 pen·

140 1048 266 1122 dabatis,
294 1058 395 1109 tamen
422 1070 469 1109 res
496 1048 620 1128 publica
646 1048 736 1108 firma
762 1057 828 1109 erat
840 1070 847 1120 ;
876 1048 1030 1127 opulentia
1040 1050 1078 1109 10

139 1128 357 1209 negligentiam
377 1129 534 1191 tolerabat.
576 1128 669 1190 Nunc
690 1150 762 1190 vero
782 1148 843 1189 non
864 1128 896 1188 id
920 1129 1029 1208 agitur,

140 1209 265 1270 bonisne
285 1230 324 1269 an
345 1210 432 1271 malis
453 1209 585 1271 moribus
601 1210 750 1282 vivamus,
764 1229 861 1287 neque
882 1218 1030 1287 quantum

139 1298 194 1350 aut
208 1310 300 1368 quam
314 1290 508 1369 magnificum
522 1291 682 1370 imperium
703 1290 808 1370 populi
830 1289 962 1349 Romani
982 1291 1030 1361 sit,

139 1370 191 1430 sed
212 1370 288 1431 haec
308 1371 521 1450 cujuscumque
542 1372 623 1431 modi
637 1371 789 1441 videntur,
803 1380 906 1430 nostra
924 1391 963 1430 an
981 1391 1031 1430 no

139 1450 256 1511 bisoum
284 1471 346 1511 una
370 1450 502 1512 hostium
529 1452 635 1512 futura
661 1452 729 1512 sint.
772 1450 836 1511 Hic
856 1451 931 1510 mihi
953 1452 1078 1529 quis-lb

139 1552 232 1609 quam
267 1532 527 1592 mansuetudinem
554 1543 584 1593 et
612 1532 848 1593 misericordiam
882 1532 1027 1591 nominat.

139 1611 161 1673 J
162 1632 213 1671 am
227 1611 344 1691 pridem
358 1612 497 1691 equidem
511 1633 564 1673 nos
577 1633 652 1673 vera
666 1612 814 1674 vocabula
835 1633 936 1672 rerum
958 1613 1030 1671 arui-

139 1693 249 1765 simus;
270 1693 342 1771 quia
356 1691 435 1752 bona
456 1692 554 1753 aliena
569 1693 675 1772 largiri
689 1692 864 1765 liberalitas,
879 1692 1029 1752 malarum

139 1793 240 1844 rerum
266 1773 394 1834 audacia
413 1773 560 1834 fortitudo
579 1782 717 1847 vocatur,
731 1794 766 1834 eo
787 1794 833 1834 res
853 1773 978 1853 publica
998 1775 1030 1833 iu

139 1861 275 1913 extremo
295 1854 353 1913 sita
373 1863 425 1915 est.
466 1852 534 1914 Sint
555 1874 635 1927 sane,
654 1855 797 1933 quoniam
819 1855 862 1914 ita
882 1874 913 1915 se
934 1857 1077 1915 moreto

138 1933 263 2005 habeut,
284 1933 423 1995 liberales
446 1955 484 1995 ex
508 1936 657 1996 sociorum
678 1935 816 2007 fortunis,
837 1936 897 1995 siut
917 1935 1029 1995 miseri-

139 2015 243 2074 cordes
257 2014 289 2073 in
304 2013 421 2074 furibus
435 2016 550 2089 aerari3
571 2035 610 2075 ne
629 2015 676 2074 illi
696 2016 873 2095 sanguinem
892 2025 1029 2075 nostrum

139 2094 320 2173 largiantur,
334 2104 364 2155 et
385 2095 458 2155 dum
479 2096 583 2175 paucis
603 2095 755 2157 sceleratis
776 2105 915 2174 parcunt,
936 2096 1029 2157 bonos

139 2195 242 2235 omues
259 2175 411 2253 perditum
431 2184 510 2236 eant.
552 2176 637 2236 Bene
650 2185 679 2236 et
694 2177 856 2255 composite
870 2176 904 2236 Ο.
919 2177 1029 2238 Cacsar

138 2254 231 2334 paulo
251 2264 322 2315 ante
342 2256 374 2314 in
394 2255 452 2317 hoc
472 2257 577 2317 ordine
598 2257 636 2317 de
649 2257 714 2317 vita
727 2265 757 2316 ct
771 2266 868 2317 morte
881 2258 1028 2330 disseruit,
1040 2260 1077 2317 25

139 2335 228 2397 credo
249 2335 326 2395 falsa
345 2336 531 2397 existumans
545 2358 589 2410 ea,
604 2357 682 2415 quae
695 2338 733 2397 de
746 2337 850 2398 inferis
863 2359 1028 2399 memorau-

138 2425 199 2488 tur,
211 2414 331 2477 divorso
344 2416 452 2476 itinere
466 2417 559 2478 malos
574 2438 592 2477 a
607 2417 692 2477 bonis
706 2418 773 2479 loca
786 2427 893 2491 taetra,
905 2420 1029 2492 inculta,

139 2496 227 2555 foeda
240 2503 332 2576 atque
346 2496 538 2557 formidolosa
552 2498 672 2558 habere,
714 2498 824 2577 Itaque
845 2500 961 2560 censuit
980 2522 1029 2579 pe-

139 2576 245 2637 cunias
268 2597 373 2637 eorum
394 2577 602 2656 publicandas,
627 2579 705 2657 ipsos
727 2600 781 2658 per
805 2580 971 2659 municipia
998 2582 1030 2639 in

140 2657 282 2717 custodiis
306 2656 476 2730 habendos;
498 2658 640 2720 videlicet
663 2660 780 2731 timens,
802 2681 848 2732 ne,
870 2661 895 2720 si
916 2661 1077 2721 Romae30

139 2738 210 2809 sint,
223 2746 278 2797 aut
298 2758 317 2798 a
337 2738 533 2817 popularibus
555 2740 771 2819 conjurationis
792 2751 846 2800 aut
863 2762 882 2800 a
895 2741 1029 2802 multitu-

101 2842 110 2855 ’
140 2818 211 2877 dine
225 2818 374 2878 conducta
387 2838 441 2897 per
454 2820 518 2881 vim
531 2820 707 2899 eripiantur.
751 2820 847 2897 Quasi
865 2842 937 2883 vcro
957 2823 1030 2882 mali

140 2906 231 2976 atquc
250 2898 366 2959 scelesti
387 2901 597 2961 tantummodo
611 2901 644 2960 in
658 2900 734 2961 urbe
747 2912 777 2961 et
792 2922 852 2961 uon
867 2922 921 2981 per
934 2912 1029 2963 totam

141 2977 264 3038 Italiam
285 2979 354 3051 sint,
368 2988 422 3040 aut
436 3000 497 3039 non
511 2980 553 3040 ibi
568 2981 637 3060 plus
652 2982 743 3059 possit
765 2982 902 3054 audacia,
918 2983 969 3043 ubi
990 2984 1029 3042 ad

140 3058 362 3119 defendendum
387 3080 459 3138 ,opes
486 3062 617 3121 minores
650 3071 728 3122 sunt.
785 3062 889 3137 Quare
916 3061 1076 3124 vanum35

139 3139 278 3217 equidem
300 3140 357 3200 hoe
377 3141 535 3201 consilium
554 3150 608 3213 est,
622 3142 647 3201 si
661 3141 830 3220 periculum
844 3163 882 3201 ex
898 3142 958 3202 illis
972 3163 1030 3201 me

140 3220 216 3291 tuit;
245 3220 291 3279 sin
315 3220 346 3279 in
370 3229 456 3281 tauto
480 3223 614 3281 omniurn
640 3232 722 3282 metu
746 3222 826 3281 solus
850 3243 911 3281 non
936 3223 1029 3293 timet,

140 3322 174 3359 eo
189 3300 285 3379 magis
298 3300 389 3360 refert
404 3322 450 3359 me
465 3302 539 3360 mihi
559 3311 651 3378 atque
665 3302 750 3361 vobis
771 3302 884 3358 timere.
926 3302 1031 3373 Quiare

141 3400 211 3441 eum
234 3380 272 3440 de
295 3379 330 3439 P.
356 3380 487 3440 lentulo
512 3381 676 3456 ceterisque
700 3378 847 3445 statuetis,
871 3397 926 3452 pro
950 3389 1031 3434 certo
