2392 3692
126 127 188 190 106
411 141 436 191 u.
455 139 635 191 sarrusrr
656 137 776 189 caum

173 300 258 361 Huic
279 300 393 362 homini
414 321 475 361 non
495 300 593 360 minor
607 299 726 361 vanitas
744 300 843 359 inerat
856 319 949 377 quarn
969 302 1063 363 auda·
1179 323 1182 374 g

172 382 235 453 cia;
262 402 359 460 neque
386 381 519 453 reticere,
541 401 619 459 quae
646 380 794 452 audierat,
818 400 916 458 neque
943 393 1063 444 suamet

171 462 233 541 ipse
253 461 365 522 scelera
385 460 544 533 occultare,
563 481 685 540 prorsus
711 480 809 538 neque
836 460 937 521 dicere
965 483 1064 543 neque

170 542 269 603 facere
278 542 440 621 quicquam
450 542 534 620 pensi
545 540 686 601 habebat.
728 540 807 600 Erat
817 540 845 600 ei
855 562 926 601 cum
937 542 1062 618 Fulvia,

143 622 296 683 5muliere
322 621 426 693 nobili,
448 622 545 701 stupri
571 630 660 683 vetus
686 623 888 696 consuetud03
916 624 967 685 cui
991 646 1062 686 cum

170 703 269 763 minus
288 710 394 781 gratus
414 711 497 774 esset,
516 702 588 781 quia
609 702 711 781 inopia
732 702 832 763 minus
853 703 961 783 largiri
1021 715 1062 766 te

170 791 226 855 rat,
258 791 381 861 repente
414 782 548 876 glorians
581 803 679 842 marra
712 792 888 863 montesque
923 785 975 864 pol
990 787 1061 846 'ceri
1157 799 1161 807 ’

170 864 267 943 coepit
294 872 324 923 et
352 863 461 923 minari
489 863 643 922 interdum
670 863 759 937 ferro,
783 864 816 924 ni
842 864 901 925 sibi
928 864 1062 926 obnoxia

168 945 262 1016 foret;
283 953 433 1023 postremo
456 943 571 1022 agitare
595 943 725 1005 ferocius
745 966 837 1024 quam
860 945 966 1006 solitus
986 956 1060 1007 erat.

123 1026 160 1086 10
169 1025 213 1085 At
227 1024 340 1085 Fulvia
354 1024 530 1084 insolentiae
550 1023 625 1084 Curi
646 1045 738 1086 causa
758 1026 887 1105 cognita,
901 1026 964 1087 tale
985 1028 1062 1106 peri-

169 1105 272 1167 culum
291 1106 334 1165 rei
355 1104 495 1184 publicae
515 1104 598 1164 haud
620 1105 772 1167 occultum
786 1106 903 1179 habuit,
916 1107 979 1180 sed,
993 1108 1062 1168 sub

168 1186 231 1246 lato
251 1195 382 1259 auctore,
397 1184 435 1246 de
449 1184 600 1246 Catilinae
620 1187 835 1266 conjuratione,
850 1208 928 1266 quae
941 1207 1062 1267 quoque

168 1267 256 1327 modo
284 1267 433 1340 audierat,
457 1266 664 1346 compluribus
691 1267 836 1329 narravit.
877 1267 927 1327 Ea
954 1289 1002 1329 res
1029 1270 1061 1328 in

168 1348 273 1427 primis
299 1347 401 1407 studia
434 1347 591 1407 hominum
626 1348 762 1408 accendit
796 1348 836 1407 ad
870 1348 1062 1409 consulatum

123 1428 376 1488 lbmandandum
404 1428 448 1487 M.
476 1427 578 1489 Tullio
606 1426 751 1489 Ciceroni.
801 1427 943 1507 Namque
970 1439 1063 1490 antea

168 1508 312 1588 pleraque
333 1508 476 1569 nobilitas
496 1509 613 1570 invidia
632 1509 799 1582 aestuabat,
813 1517 844 1569 et
863 1510 949 1587 quasi
962 1509 1062 1589 pollui

169 1590 360 1651 consulatum
390 1588 561 1663 credebant,
589 1590 614 1649 si
647 1609 716 1650 eum
750 1590 889 1668 quamvis
923 1610 995 1669 egre
1016 1591 1063 1652 'us

168 1671 258 1731 homo
291 1691 388 1732 novus
422 1670 549 1750 adeptus
582 1670 667 1730 foret.
722 1669 782 1731 Sed
810 1669 863 1729 ubi
890 1671 995 1750 pericu
1009 1692 1063 1732 um

168 1752 301 1823 advenit,
317 1751 433 1812 invidia
446 1760 537 1830 atque
550 1751 692 1829 superbia
705 1758 772 1829 post
785 1750 877 1811 fuere.

121 1834 161 1893 20
210 1833 260 1895 24.
277 1831 379 1911 Igitur
390 1831 517 1893 comitiis
531 1830 643 1891 habitis
657 1831 793 1893 consules
806 1831 1003 1892 declarantur
1015 1833 1060 1893 M.

169 1912 289 1974 Tullius
298 1922 333 1994 „et
347 1912 381 1974 C.
394 1912 555 1985 Antonius,
566 1912 648 1991 quod
661 1912 777 1973 factum
791 1912 890 1991 primo
900 1912 1063 1992 populares

170 1994 386 2074 conjurationis
407 2001 604 2054 concusserat.
657 1992 765 2071 Neque
784 2000 888 2053 tamen
909 1992 1063 2055 Catilinae

169 2076 254 2136 furor
276 2074 479 2146 minuebatur,
499 2074 551 2134 sed
575 2074 608 2133 in
632 2072 694 2133 dies
719 2072 809 2151 plura
832 2073 959 2152 agitare,
976 2095 1063 2135 arma

169 2177 224 2235 per
248 2155 372 2215 Italiam
397 2154 469 2215 locis
493 2155 670 2234 opportunis
690 2174 807 2233 parare,
824 2154 987 2233 pecuniam
1006 2175 1063 2216 sua

122 2237 224 2297 25aut
246 2236 413 2296 amicorum
436 2235 495 2296 fide
519 2243 671 2314 sumptam
692 2242 830 2294 mutuam
851 2232 998 2295 Faesulas
1021 2236 1062 2296 ad

169 2316 323 2377 Manlium
338 2317 488 2395 quendam
502 2324 633 2395 portare,
648 2315 700 2393 qui
720 2323 823 2393 postea
843 2315 983 2395 princeps
1002 2315 1063 2376 fuit

169 2397 244 2459 belli
270 2397 414 2458 faciundi.
464 2396 512 2456 Ea
539 2404 716 2475 tempestate
743 2394 889 2475 plurimos
917 2398 1062 2476 cujusque

170 2479 288 2558 generis
319 2478 453 2538 homines
486 2476 647 2537 adscivisse
680 2475 738 2535 sibi
770 2475 891 2549 dicitur,
920 2477 1062 2539 mulieres

170 2561 262 2620 etiam
284 2558 408 2638 aliquot,
425 2578 503 2637 quae
524 2558 621 2635 primo
642 2557 778 2635 ingentes
797 2565 937 2635 sumptus
956 2566 1062 2637 stupro

122 2642 161 2702 30
171 2640 303 2720 corporis
329 2639 543 2709 toleraverant,
568 2645 635 2717 post
658 2637 712 2697 ubi
739 2645 822 2697 aetas
848 2639 1061 2700 tantummodo

172 2720 310 2801 quaestui
324 2739 422 2797 neque
436 2718 576 2779 luxuriae
590 2718 713 2779 modum
727 2718 849 2790 fecerat,
863 2738 913 2778 aes
927 2718 1062 2779 alienum

169 2802 286 2882 grande
306 2798 521 2861 conflaverant.
563 2799 623 2859 Per
643 2819 693 2859 eas
713 2819 744 2859 se
765 2798 898 2859 Catilina
919 2799 1062 2861 credebat

170 2904 254 2962 posse
278 2881 404 2942 servitia
427 2879 545 2940 urbana
567 2880 739 2952 sollicitare,
761 2878 867 2939 urbem
892 2879 1062 2953 incendere,

169 2963 250 3026 viros
265 2982 369 3023 earum
384 2961 433 3023 vel
450 2961 615 3039 adjungere
628 2960 685 3020 sibi
699 2959 748 3021 vel
763 2960 939 3020 interficere.

122 3045 161 3105 35
211 3045 260 3107 25.
282 3042 341 3103 Sed
361 3042 393 3103 in
414 3042 455 3103 eis
476 3050 541 3102 erat
561 3041 746 3120 Sempronia,
761 3061 839 3119 quae
857 3039 956 3100 multa
974 3061 1061 3120 saepe

170 3125 267 3187 virilis
288 3123 433 3185 audaciae
454 3122 588 3182 facinora
608 3121 805 3181 commiserat.
847 3120 936 3181 Haec
952 3122 1061 3182 mulier

170 3224 280 3283 genere
300 3212 392 3282 atque
412 3202 519 3272 forma,
554 3210 689 3260 raeterea
701 3202 777 3273 viro,
792 3201 894 3261 liberis
911 3202 986 3262 satis
1003 3202 1060 3261 for-

171 3293 280 3344 tunata
300 3283 377 3354 fuit;
398 3280 507 3340 litteris
559 3281 653 3339 raecis
672 3288 703 3339 ct
724 3280 842 3341 Latinis
863 3281 962 3354 docta,
984 3281 1060 3361 psal-

171 3361 233 3421 lere
253 3371 284 3422 et
304 3360 416 3421 saltare
436 3358 611 3436 elegantius,
626 3379 717 3437 quam
736 3380 854 3421 necesse
874 3369 918 3421 est
938 3361 1060 3443 probae,
