2392 3692
371 133 424 184 nn
446 131 566 184 arcto
588 132 842 186 svesamma.
1032 117 1074 184 79
1101 211 1105 216 ¹

136 295 219 374 lique
246 294 363 354 ducem.
406 293 523 354 Marius
550 315 619 355 cum
647 293 762 374 Ligure
788 293 934 373 promissa
962 294 1028 373 ejus

136 375 292 454 cognitum
313 394 352 433 ex
373 374 579 453 praesentibus
601 375 699 445 misit;
720 395 849 454 quorum
865 375 911 435 uti
929 375 1027 514 cqq'us-

135 475 194 535 que
216 454 371 533 ingenium
392 464 466 527 erat,
487 455 531 514 ita
558 475 622 514 rem
649 455 803 516 difficilem
826 464 881 515 aut
905 454 964 516 fac’
978 475 1027 515 em

135 535 325 596 nuntiavere.
381 534 519 596 Consulis
552 536 672 595 animus
698 543 798 596 tamen
827 535 954 615 paulum
981 555 1027 596 ar-

135 625 243 677 rectus.
286 614 395 694 ltaque
419 636 458 675 ex
483 617 569 695 copia
593 616 762 683 tubicinum
784 624 816 677 et
840 615 1027 677 cornicinum
1056 616 1075 674 5

135 716 262 755 numero
283 696 415 775 quinque
436 715 528 775 quam
546 696 755 758 velocissumos
775 696 886 776 delegit
905 705 937 756 et
957 717 1027 757 cum

135 778 186 849 eis,
209 777 358 855 praesidio
379 777 431 856 qui
451 776 558 850 forent,
580 785 724 856 quattuor
747 777 946 850 centuriones,
967 797 1027 837 om-

134 876 248 935 nesque
269 855 378 936 Liguri
399 877 505 937 parere
521 856 610 936 jubet
623 865 654 918 et
667 857 696 917 ei
709 858 829 936 negotio
843 877 1027 937 proxumum

135 937 216 997 diem
231 937 394 998 constituit.

175 1019 225 1080 a4.
248 1016 308 1078 Sed
328 1017 381 1079 ubi
402 1039 440 1078 ex
462 1027 622 1098 praecepto
643 1027 761 1098 tempus
781 1019 889 1090 visum,
913 1019 1027 1098 paratis
1038 1019 1076 1079 10

135 1098 367 1178 compositisque
388 1099 526 1159 omnibus
550 1098 590 1158 ad
614 1099 714 1160 locum
734 1119 788 1178 per
809 1100 842 1159 it.
884 1098 1027 1160 Ceterum

134 1179 191 1252 illi,
214 1179 268 1258 qui
288 1179 461 1240 adscensuri
481 1188 576 1252 erant,
598 1179 753 1259 praedocti
773 1121 813 1240 ab
833 1181 919 1252 duce,
941 1200 1028 1240 arma

133 1268 338 1338 ornatumque
351 1267 554 1332 mutaverant,
568 1261 668 1339 capite
683 1269 775 1339 atque
788 1261 916 1340 pedibus
928 1260 1027 1333 nudis,

134 1341 181 1400 uti
195 1349 371 1419 prospectus
384 1341 525 1420 nisusque
538 1361 592 1420 per
606 1360 682 1400 saxa
694 1340 815 1401 facilius
828 1341 923 1414 foret3
937 1361 1027 1420 super

133 1430 223 1500 terga
239 1419 334 1499 gladii
347 1429 377 1480 et
391 1430 486 1495 scuta,
500 1441 608 1483 verum
628 1441 665 1481 ea
684 1420 849 1483 Numidica
868 1442 907 1481 ex
929 1421 1027 1493 coriis,
1038 1421 1075 1480 15

133 1501 278 1582 ponderis
297 1501 397 1580 gratia
417 1502 507 1562 simul
527 1511 558 1562 et
578 1502 690 1562 offensa
712 1523 772 1581 quo
795 1502 892 1564 levius
918 1511 1028 1580 strepe-

134 1589 213 1660 rent.
255 1579 357 1661 Igitur
380 1582 592 1662 praegrediens
616 1582 712 1661 Ligus
738 1602 815 1642 saxa
840 1591 871 1642 et
897 1582 923 1643 si
950 1602 1028 1661 quae

135 1671 275 1724 vetustae
289 1662 404 1722 radices
418 1662 590 1723 eminebant
612 1663 726 1741 laqueis
741 1663 902 1735 vinciebat,
918 1661 1028 1742 quibus

59 1808 63 1814 ,
135 1743 264 1804 allevati
285 1742 394 1803 milites
415 1742 535 1803 facilius
555 1743 758 1816 escenderent,
775 1744 929 1804 interdum
950 1743 1029 1803 timi·

135 1825 189 1884 dos
204 1823 365 1884 insolentia
379 1824 494 1884 itineris
508 1823 611 1884 levare
625 1833 738 1898 manu3
759 1825 812 1885 ubi
833 1825 926 1904 paulo
946 1844 1028 1903 aspe-
1037 1822 1077 1883 20

136 1905 198 1965 rior
212 1903 372 1964 adscensus
385 1913 465 1977 erat,
479 1902 613 1982 singulos
627 1925 700 1983 prae
712 1926 744 1965 se
757 1905 886 1966 inermos
901 1905 1028 1976 mittere,

136 1985 245 2045 deinde
270 1984 333 2064 ipse
357 2005 426 2045 cum
450 1984 573 2046 illorum
597 1986 688 2045 armis
712 1987 813 2065 sequi;
837 2007 915 2066 quae
935 1985 1028 2046 dubia

136 2065 217 2127 nisui
237 2063 430 2138 videbantur,
454 2065 636 2144 potissumus
662 2075 819 2145 temptare,
847 2088 883 2128 ac
910 2066 1028 2145 saepius

135 2145 243 2208 eadem
257 2145 441 2206 adscendens
454 2146 703 2225 descendensque,
718 2147 788 2208 dein
809 2147 912 2208 statim
932 2146 1029 2225 digre

129 2227 232 2298 diens,
247 2225 352 2286 ceteris
371 2226 529 2286 audaciam
543 2227 663 2287 addere.
705 2226 805 2305 Igitur
819 2228 871 2287 diu
885 2227 1028 2287 multum·
1038 2226 1076 2284 25

137 2327 196 2386 que
216 2305 338 2385 fatigati
358 2306 481 2366 tandem
502 2307 534 2366 in
555 2307 713 2367 castellum
730 2308 919 2387 perveniunt,
934 2308 1029 2368 deser-

137 2397 205 2448 tum
225 2385 265 2447 ab
286 2406 322 2446 ea
342 2396 436 2466 parte,
451 2387 531 2466 quod
551 2408 661 2460 omnes,
675 2388 753 2449 sicut
767 2387 834 2448 aliis
848 2387 964 2460 diebus,
978 2388 1029 2448 ad-

138 2488 262 2528 vorsum
276 2467 374 2528 hostes
393 2466 528 2528 aderaut.
571 2468 689 2528 Marius
703 2467 756 2528 ubi
770 2489 808 2529 ex
823 2469 938 2529 nuntiis
952 2488 1029 2546 quac

139 2548 235 2626 higus
255 2555 356 2625 egerat
378 2547 526 2627 cognovit,
541 2569 726 2628 quamquam
747 2558 809 2609 toto
830 2549 879 2610 die
900 2550 1030 2609 intentos

139 2627 254 2708 proelio
288 2626 436 2704 Numidas
471 2627 629 2701 habuerat,
657 2638 723 2689 tum
751 2651 822 2691 vero
857 2630 1030 2691 cohortatus
1038 2628 1076 2686 30

139 2707 250 2768 milites
269 2717 300 2768 et
321 2708 383 2787 ipse
402 2717 492 2770 extra
508 2709 612 2770 vineas
632 2730 774 2788 egressus,
788 2711 938 2771 testudine
958 2719 1027 2770 acta

139 2788 299 2849 succedere
319 2798 350 2848 et
368 2789 459 2849 simul
482 2790 599 2852 hostem
623 2791 781 2850 tormentis
807 2791 1029 2869 sagittariisque
1131 2819 1134 2828 =

140 2878 170 2929 et
184 2867 386 2930 funditoribus
403 2870 520 2931 eminus
539 2879 659 2930 terrere.
702 2871 746 2930 At
768 2870 921 2932 Numidae
940 2890 1029 2949 saepe

140 2957 231 3009 antea
251 2949 346 3010 vineis
373 2949 580 3011 Romanorum
607 2951 769 3024 subversis,
793 2952 865 3011 item
893 2951 1029 3022 incensis,

141 3050 201 3090 non
216 3029 332 3090 castelli
346 3030 502 3091 moenibus
522 3052 583 3091 sese
603 3030 792 3103 tutabantur,
807 3033 858 3092 sed
873 3053 928 3111 pro
943 3026 1096 3090 muro35'

141 3110 203 3170 dies
216 3119 377 3189 noctesque
391 3110 516 3189 agitare,
528 3111 706 3172 maledicere
721 3112 865 3172 Romanis
879 3133 915 3172 ac
929 3111 1030 3171 Mario

142 3190 313 3252 vecordiam
348 3190 506 3270 objectare,
535 3189 682 3251 militibus
715 3192 822 3252 uostris
856 3191 1030 3270 «Iugurthae

142 3270 298 3333 servitium
323 3270 441 3341 minari,
465 3271 604 3330 secundis
627 3271 716 3330 rebus
736 3273 847 3330 feroces
867 3291 937 3329 esse.
980 3270 1029 3326 In-

141 3351 230 3412 terim
245 3349 382 3411 omnibus
397 3349 542 3409 Romanis
563 3349 757 3426 hostibusque
770 3347 883 3425 proelio
896 3347 1029 3413 intentis,
