2392 3692
104 147 147 212 58
392 163 417 212 o.
437 163 620 212 SALLUSPI
641 163 763 213 caram

152 322 280 402 egregiis
299 321 387 383 factis
407 330 481 395 erat,
503 321 576 402 quin
597 322 622 382 is
642 323 785 401 indignus
804 322 859 384 illo
879 324 993 388 honore
1011 335 1040 388 et

153 403 237 484 quasi
252 402 384 482 pollutus
398 401 569 463 haberetur.

194 484 242 545 64.
266 482 367 563 Igitur
380 482 433 542 ubi
448 483 566 543 Marius
579 483 747 562 haruspicis
768 483 852 545 dicta
872 486 977 546 eodem
997 487 1040 547 in-

151 564 274 625 tendere
284 563 377 635 videt,
388 584 447 643 quo
459 563 569 642 cupido
579 564 673 623 animi
683 563 874 638 hortabatur,
885 566 924 627 ab
935 567 1040 628 Metel·

124 645 181 705 510
195 643 322 724 petundi
336 645 436 722 gratia
449 644 619 704 missionem
639 653 735 724 rogat.
777 643 836 706 Ohi
857 667 1039 726 quamquam

150 726 257 797 virtus,
277 724 373 805 gloria
394 733 485 805 atque
505 724 566 784 alia
587 724 722 804 optanda
741 724 829 787 bouis
848 747 882 787 su
922 728 1039 801 rabant,

151 814 253 866 tamen
273 806 371 865 inerat
392 813 580 884 contemptor
600 805 720 866 animus
739 814 771 867 et
789 828 881 887 super
901 808 940 881 ia,
963 830 1039 870 oom-

151 906 242 946 mune
255 885 422 946 nobilitatis
440 884 564 946 malum.
607 884 715 964 Itaque
729 887 861 966 primum
875 900 1040 950 commotus

150 966 270 1026 insolita
291 987 323 1026 re
344 967 450 1026 mirari
470 967 534 1044 ejus
555 966 723 1040 consilium,
737 977 767 1030 et
788 968 873 1048 quasi
893 990 948 1049 per
968 971 1039 1030 ami·

106 1047 254 1109 lOcitiam
279 1067 408 1119 monere,
429 1067 467 1107 ne
491 1054 555 1106 tam
580 1068 676 1126 prava
699 1049 843 1128 inciperet
866 1069 925 1110 neu
949 1070 1039 1129 super

150 1128 304 1188 fortunam
339 1128 474 1187 animum
508 1137 643 1206 gereret:
678 1149 739 1190 non
767 1129 868 1189 omnia
900 1131 1039 1191 omuibus

151 1208 304 1287 cupiunda
331 1228 409 1278 esse;
438 1207 546 1268 debere
568 1208 615 1268 illi
638 1229 685 1270 res
708 1229 777 1270 suas
802 1211 875 1270 satis
900 1210 1038 1290 placere;

152 1296 302 1368 postremo
323 1297 444 1349 caveret
464 1288 495 1347 id
553 1297 617 1350 tere
630 1311 649 1350 a
663 1289 776 1370 populo
797 1290 944 1365 Romano,
959 1293 1038 1370 quod

150 1369 197 1429 illi
213 1369 282 1447 jure
303 1377 473 1447 negaretur.
516 1309 680 1450 i'eostquam
694 1369 769 1432 haec
785 1379 877 1450 atque
890 1371 953 1432 alia
965 1373 1039 1433 talia

104 1449 230 1509 15dixit
256 1469 354 1527 neque
381 1449 499 1509 animus
527 1450 609 1510 Mari
636 1450 778 1524 flectitur,
802 1452 965 1530 respondit,
986 1453 1038 1514 ubi

151 1529 282 1610 primum
298 1531 441 1608 potuisset
455 1551 508 1609 per
522 1531 644 1610 negotia
657 1530 790 1611 publica,
804 1531 957 1593 facturum
978 1554 1038 1594 sese

171 1629 228 1670 uae
248 1618 371 1689 peteret.
413 1611 462 1671 Ac
483 1620 586 1690 postea
609 1613 727 1691 saepius
747 1612 852 1672 eadem
873 1612 1038 1691 postulanti

150 1631 249 1752 iertur
275 1690 396 1764 dixisse,
423 1712 461 1752 ne
488 1692 644 1753 festinaret
678 1692 779 1763 abire;
813 1692 886 1753 satis
919 1703 1038 1755 mature

150 1771 238 1831 illum
262 1792 330 1832 cum
355 1772 418 1832 filio
442 1793 495 1832 suo
519 1773 709 1833 consulatum
732 1773 908 1853 petiturum.
949 1773 981 1835 Is
1004 1795 1038 1836 eo

103 1853 141 1912 20
149 1861 284 1932 tempore
305 1853 500 1913 contubernio
521 1854 616 1932 patris
636 1853 748 1914 ibidem
769 1853 931 1927 militabat,
944 1875 1038 1915 annos

150 1941 239 1994 natus
260 1934 379 1995 circiter
399 1933 517 2012 viginti.
561 1933 649 2010 Quae
670 1954 716 1994 res
736 1934 873 1994 Marium
893 1955 963 1996 cum
984 1957 1037 2015 pro
1065 1967 1067 1972 ·

150 2014 270 2087 honore,
292 2036 381 2094 quem
402 2013 572 2087 affectabat,
593 2023 660 2074 tum
682 2022 788 2076 contra
808 2014 970 2075 Metellum
989 2037 1037 2078 ve

150 2094 304 2155 hementer
328 2095 514 2156 accenderat.
557 2093 607 2154 Ita
628 2095 768 2174 cupidine
792 2103 883 2175 atque
903 2095 959 2169 ira,
977 2117 1037 2176 pes

149 2175 241 2236 sumis
276 2175 503 2248 consultoribus,
537 2175 685 2254 grassari;
729 2194 827 2254 neque
860 2175 942 2237 facto
975 2177 1037 2238 ullo

102 2257 140 2316 25
149 2275 246 2334 neque
280 2256 361 2317 dioto
399 2256 558 2328 abstinere,
592 2255 673 2334 quod
716 2256 804 2316 modo
846 2256 1037 2318 ambitiosum

149 2338 244 2409 foret;
265 2336 383 2409 milites,
405 2336 514 2415 quibus
538 2336 569 2395 in
594 2335 728 2396 hibernis
752 2345 900 2414 praeerat,
921 2337 1037 2398 laxiore

149 2417 276 2497 imperio
310 2438 401 2496 quam
436 2425 506 2477 ante
540 2416 669 2486 habere;
714 2417 795 2496 apud
828 2417 1036 2496 negotiatores,

149 2518 278 2578 quorum
304 2518 416 2576 magna
444 2497 609 2557 multitudo
636 2496 747 2558 Uticae
777 2505 851 2569 erat,
880 2498 1036 2560 criminose

149 2578 240 2639 simul
254 2587 283 2639 et
298 2579 456 2658 magnifice
477 2578 514 2638 do
535 2577 615 2636 bello
636 2577 736 2656 loqui:
758 2577 885 2637 dimidia
898 2598 970 2657 pars
986 2601 1036 2640 ex·

102 2661 140 2720 30
149 2660 259 2720 orcitus
282 2660 307 2719 si
330 2659 387 2720 sibi
410 2659 644 2738 permitteretur,
668 2658 773 2737 paucis
796 2657 901 2720 diebus
914 2658 1036 2740 'dagar-

148 2741 233 2801 tham
248 2740 279 2799 in
294 2740 406 2800 catenis
426 2738 620 2808 habiturum;
641 2738 680 2798 ab
700 2739 882 2818 imperatore
902 2740 1037 2802 consulto

147 2821 238 2893 trahi,
260 2821 340 2899 quod
361 2820 450 2879 homo
471 2820 569 2879 inanis
589 2827 619 2878 et
640 2819 740 2898 regiae
763 2819 922 2912 superbiae
946 2821 1035 2900 impe

149 2902 194 2961 rio
218 2900 306 2960 nimis
330 2900 483 2978 gauderet.
526 2899 615 2976 Quae
639 2899 741 2959 omnia
763 2899 825 2960 illis
847 2920 883 2961 eo
903 2900 1036 2962 firmiora

148 2981 340 3052 videbantur,
362 2981 442 3059 quod
470 2980 672 3040 diuturnitate
699 2979 772 3040 belli
800 3000 846 3040 res
873 2981 1036 3042 familiares

101 3063 139 3122 35
148 3070 354 3140 corruperant,
383 3069 412 3120 et
446 3061 547 3121 animo
582 3061 715 3139 cupienti
749 3060 826 3120 nihil
859 3061 932 3122 satis
958 3062 1035 3123 festi·

147 3153 247 3202 natur.

191 3223 240 3282 65.
255 3220 333 3279 Erat
347 3228 502 3298 praeterea
515 3221 546 3278 in
561 3221 697 3280 exercitu
712 3228 812 3280 nostro
827 3221 963 3282 Numida
973 3223 1035 3302 qui·

149 3300 229 3371 dam,
243 3300 363 3359 nomine
383 3299 502 3369 Gauda,
517 3299 736 3359 Mastanabalis
756 3300 844 3372 filius,
859 3301 1036 3363 Masinissae

149 3398 249 3457 nepos,
264 3398 353 3456 quem
368 3378 497 3456 Micipsa
510 3386 689 3438 testamento
709 3380 874 3439 secundum
896 3381 1035 3443 heredem
