2392 3692
387 167 441 217 nr
460 167 580 218 sarno
601 165 848 219 Juooarsruo.
1042 151 1084 219 st

148 333 268 406 petunt,
292 325 337 385 uti
364 323 465 385 fautor
488 324 699 405 consultorque
725 322 783 385 sibi
809 322 906 397 adsit;
930 324 1040 419 copias,

148 407 250 478 fidem,
261 405 502 484 magnitudinem
515 407 594 485 regis
607 407 654 466 sui
668 413 699 466 et
712 405 782 478 alia,
792 425 871 485 quae
883 412 938 465 aut
949 404 1038 466 utiba

148 494 205 546 aut
218 485 446 547 benevolentiae
459 505 521 547 esse
535 485 708 558 credebant,
720 485 855 547 oratione
874 484 1036 546 extollunt.

107 623 109 628 .
149 567 232 626 Dein
256 564 343 626 Sulla
366 567 468 626 omnia
490 565 634 645 pollicito,
655 566 745 639 docti,
786 586 827 626 uo
846 566 936 626 modo
955 565 1038 644 apud

149 645 295 718 Marium,
308 645 381 706 item
402 647 484 726 apud
502 654 641 707 senatum
654 646 749 708 verba
827 654 906 720 rent,
919 645 1040 708 circiter
1067 645 1086 706 5

148 727 214 786 dies
228 724 430 804 quadraginta
444 725 556 786 ibidem
571 727 778 806 opperiuntur.

189 806 259 868 104
289 805 408 867 Marius
434 815 602 886 postquam,
629 807 741 868 infecto
773 827 835 887 quo
867 792 1039 867 intenderat

148 887 281 966 negotio,
295 885 412 946 Cirtam
431 887 520 947 rediit
540 895 571 948 et
590 886 629 948 de
648 887 782 949 adventu
797 887 824 947 le
864 895 965 947 torum
979 908 1039 947 oer-

148 969 210 1028 tior
230 967 330 1028 factus
350 975 403 1039 est,
423 966 549 1046 illosque
569 977 600 1027 et
619 966 738 1028 Sullam
762 967 801 1026 ab
853 967 915 1027 tica
935 967 1039 1028 venire

61 1088 65 1095 =
152 1047 251 1127 jubet,
266 1047 338 1107 item
359 1046 396 1106 L.
418 1045 590 1107 Bellienum
611 1056 790 1126 praetorem,
804 1056 959 1126 praeterea
979 1068 1039 1107 om·
1049 1047 1087 1107 10

149 1149 201 1189 nes
226 1127 361 1206 undique
384 1128 525 1188 senatorii
549 1128 670 1200 ordinis,
691 1126 871 1206 quibuscum
895 1127 1040 1188 mandata

149 1207 266 1269 Bocchi
291 1208 450 1286 cognoscit.
492 1207 616 1287 Legatis
638 1216 769 1287 potestas
795 1208 924 1269 Romam
947 1209 1040 1269 eundi

149 1289 185 1349 fit
202 1287 242 1348 ab
260 1287 398 1360 consule3
419 1289 532 1348 interea
554 1287 690 1348 indutiae
710 1288 950 1368 postulabantur.
992 1288 1041 1349 Ea

148 1368 256 1430 Sullae
276 1376 306 1428 et
326 1367 477 1448 plerisque
497 1369 654 1448 placuere;
682 1370 772 1448 pauci
792 1368 920 1430 ferocius
939 1370 1039 1430 decer·

149 1458 238 1521 nunt,
252 1447 367 1509 scilicet
381 1449 480 1527 ignari
498 1469 600 1509 rerum
619 1448 831 1523 humanarum,
845 1470 922 1528 quae
936 1450 1039 1511 fluxae
1049 1448 1087 1507 15

149 1539 181 1591 et
202 1527 328 1590 mobiles
349 1548 466 1608 semper
486 1529 517 1588 in
538 1528 667 1590 advorsa
690 1537 856 1590 mutantur.
898 1529 1038 1591 Ceterum

151 1609 265 1682 Mauri,
292 1610 461 1688 impetratis
487 1609 634 1683 omnibus,
661 1619 722 1670 tres
756 1609 886 1671 Romam
913 1611 1039 1689 profecti

141 1687 222 1751 'sunt
244 1710 313 1750 cum
334 1689 389 1750 On.
411 1689 540 1751 Octavio
561 1689 691 1763 Rusone,
705 1691 758 1770 qui
772 1699 911 1770 quaestor
930 1691 1039 1769 stipen-

150 1771 236 1830 dium
251 1771 282 1829 in
297 1769 437 1830 Africam
451 1779 640 1850 portaverat3
661 1771 722 1831 duo
735 1771 775 1831 ad
785 1790 888 1850 regem
903 1770 1038 1830 redeunt.

151 1851 203 1910 Ex
218 1850 261 1911 eis
275 1848 414 1910 Bocchus
429 1871 497 1911 cum
512 1859 626 1923 cetera,
635 1859 702 1911 tum
716 1871 859 1912 maxume
873 1851 1039 1929 benignita·
1049 1850 1087 1910 20

150 1941 212 1992 tem
234 1938 264 1991 et
285 1931 419 1991 studium
437 1929 541 1990 Sullae
566 1930 672 1992 lubens
694 1932 819 2012 accepit.
861 1931 976 1990 Romae
1000 1929 1039 1991 le

150 2012 230 2091 gatis
257 2011 329 2089 ejus,
356 2020 516 2090 postquam
543 2031 655 2072 errasse
681 2032 782 2091 regem
809 2020 840 2072 et
865 2010 1040 2090 ‚Iugurthae

141 2091 261 2164 scelere
285 2089 403 2170 lapsum
424 2091 576 2169 deprecati
599 2101 678 2164 sunt,
700 2091 864 2152 anricitiam
884 2099 915 2151 et
935 2091 1039 2152 foedus

150 2171 324 2252 petentibus
344 2171 401 2232 hoc
421 2171 510 2231 modo
531 2173 743 2251 respondetur:
765 2171 919 2232 “Senatus
938 2180 969 2231 et
990 2193 1039 2250 po

150 2252 242 2332 pulus
257 2251 412 2313 Romanus
425 2249 552 2313 benefici
565 2262 595 2312 et
609 2253 737 2331 injuriae
750 2272 864 2313 memor
877 2272 939 2312 ease
952 2252 1035 2312 solet.
1048 2252 1086 2310 25

151 2332 295 2394 Ceterum
314 2330 444 2404 Boccho,
459 2333 602 2411 quoniam
623 2333 764 2411 poenitet,
785 2332 888 2392 delicti
908 2333 1039 2411 gratiam

150 2412 242 2473 facit:
264 2411 368 2472 foedus
382 2420 412 2472 et
425 2413 560 2473 amicitia
573 2411 736 2484 dabuntur,
751 2433 820 2473 cum
834 2412 1006 2473 meruerit.’'

190 2491 259 2555 105.
282 2490 401 2568 Quibus
422 2490 511 2552 rebus
531 2493 659 2572 cognitis
672 2492 811 2554 Bocchus
823 2513 878 2572 per
891 2493 1007 2553 litterae
1020 2512 1039 2552 a

152 2572 252 2632 Mario
280 2572 437 2650 petiverat,
462 2573 508 2633 uti
536 2571 653 2633 Sullam
677 2574 716 2633 ad
740 2593 771 2633 se
792 2573 938 2653 mitteret,
954 2573 1039 2652 cujus

152 2653 302 2714 arbitratu
325 2652 362 2712 de
382 2652 592 2714 communibus
609 2654 736 2732 negotiis
753 2653 966 2715 consuleretur.
1008 2653 1040 2713 Is
1048 2653 1086 2712 30

153 2734 258 2793 missus
279 2752 349 2793 cum
390 2732 517 2793 raesidio
537 2733 672 2812 equitum
693 2743 784 2813 atque
804 2734 950 2813 peditum,
965 2734 1038 2795 item

153 2813 342 2873 funditorum
363 2753 555 2885 Seleamum
583 2824 739 2892 praeterea
758 2815 819 2874 iere
839 2815 988 2894 sagittarii
1009 2824 1039 2874 et

154 2895 258 2954 cohors
278 2892 406 2972 Peligna
427 2914 494 2954 cum
516 2893 695 2955 velitaribus
717 2895 817 2967 armis,
838 2895 954 2956 itineris
974 2916 1039 2974 pro

154 2973 280 3052 perandi
304 2993 403 3045 causa,
428 2994 525 3053 neque
552 2974 598 3034 his
625 2995 709 3036 secus
736 2984 827 3054 atque
854 2975 922 3036 aliis
948 2976 1040 3035 armis

155 3055 299 3115 advorsus
319 3053 381 3114 tela
401 3053 541 3126 hostium,
563 3056 644 3133 quod
664 3076 700 3115 ca
720 3055 801 3117 levia
820 3064 899 3127 sunt,
921 3056 1038 3115 muniti.
1048 3054 1086 3114 35

156 3134 213 3194 Sed
227 3135 260 3193 in
272 3134 379 3195 itinere
399 3135 505 3214 quinto
526 3136 656 3216 denique
675 3136 724 3198 die
738 3134 853 3207 Volux,
868 3134 948 3196 filius
965 3134 1039 3196 Boc-

157 3214 212 3288 chi,
237 3223 358 3294 repcnte
382 3214 414 3274 in
439 3217 551 3294 campie
575 3216 748 3294 patentibus
776 3235 845 3276 cum
872 3214 956 3275 mille
978 3236 1039 3275 non

157 3295 284 3374 amplius
303 3316 321 3356 e
341 3294 455 3356 ultibus
475 3317 536 3355 sese
557 3297 695 3366 ostendit,
709 3296 761 3371 qui
781 3304 892 3352 temere
906 3304 936 3352 et
949 3296 1040 3352 effuse

157 3385 259 3435 euntes
278 3317 383 3434 Sullae
403 3374 528 3451 aliisque
549 3373 687 3432 omnibus
700 3381 731 3430 et
744 3389 903 3428 numerum
917 3371 1040 3446 amplio
