2392 3692
370 135 425 184 nr
444 135 563 184 anuto
585 135 833 186 Juounruruo.
1030 123 1072 184 15

136 311 175 350 ex
197 289 258 350 otio
279 310 345 350 meo
386 311 457 350 uam
478 311 517 350 ex
537 289 668 351 aliorum
687 291 815 370 negotiis
828 292 872 352 rei
885 290 1026 372 publicae

136 379 309 433 venturum.
383 391 432 430 am
456 391 544 451 saepe
568 393 624 450 ego
648 372 753 433 audivi
773 372 811 448 Q,
833 372 1025 445 Maxumum,

136 450 171 510 P.
191 450 372 530 Scipionem,
387 461 542 545 praeterea
563 452 695 513 civitatis
715 462 836 513 nostrae
855 452 1026 532 praeclaros

137 532 218 592 viros
251 530 354 592 solitos
388 540 431 592 ita
464 533 573 605 dicere,
601 553 670 593 cum
704 534 853 612 majorum
880 533 1027 612 imagines

135 613 338 684 intuerentur,
359 612 629 674 vehementissume
655 613 713 673 sibi
741 614 877 674 animum
904 614 944 674 ad
967 614 1027 675 vir·
1055 616 1074 674 5

135 703 234 753 tutem
263 692 404 772 accendi;
437 692 551 754 scilicet
584 713 645 753 non
679 713 780 754 ceram
813 694 898 754 illam
929 714 1027 773 neque

135 773 268 852 liguram
287 781 406 833 tantam
426 773 490 833 vim
517 774 549 833 in
576 795 638 834 sese
661 774 782 847 habere,
802 775 855 835 sed
882 775 1028 836 memoria

136 874 240 913 rerum
268 861 420 932 gestarum
454 874 521 914 eam
554 853 709 914 flammam
736 856 863 935 egregiis
890 855 964 915 viris
991 855 1024 914 in

136 942 258 1013 pectore
286 953 417 994 crescere
431 927 540 1013 'neque
567 936 650 1015 prius
677 936 785 1010 sedari,
809 955 902 1014 quam
928 936 1027 997 virtus

136 1035 242 1074 eorum
269 1013 382 1074 famam
416 1023 507 1093 atque
537 1014 666 1094 gloriam
700 1017 925 1096 adaequaverit
980 1016 1075 1077 Atro

137 1103 245 1155 contra
259 1095 326 1174 quis
339 1103 383 1155 est
396 1095 532 1155 omnium
550 1097 592 1156 eis
610 1096 753 1170 moribus,
767 1097 841 1176 quin
862 1097 976 1157 divitiis
995 1106 1026 1157 et

136 1173 317 1254 sumptibus,
331 1195 390 1236 non
412 1175 563 1255 probitate
576 1197 674 1256 neque
687 1178 838 1238 industria
851 1197 921 1238 eum
935 1178 1026 1258 majo-

137 1255 222 1316 ribus
250 1255 311 1316 suis
339 1256 521 1317 contendat?
570 1255 676 1318 Etiam
702 1257 838 1318 homines
865 1259 946 1330 novi,
965 1258 1027 1337 -qui

136 1346 228 1396 antea
237 1355 303 1475 kper
322 1337 468 1397 virtutem
488 1337 568 1398 soliti
588 1347 676 1398 erant
695 1338 885 1399 nobilitatem
906 1347 1026 1400 anteve

136 1417 212 1489 nire,
272 1416 343 1476 rtim
371 1426 401 1478 et
428 1437 481 1496 per
509 1417 669 1479 latrocinia
695 1418 795 1498 potius
821 1439 913 1498 quam
941 1418 1074 1479 bonis15

137 1496 255 1557 artibus
282 1497 322 1556 ad
349 1497 475 1576 imperia
502 1506 531 1558 et
558 1498 687 1559 honores
713 1500 870 1559 nituntur:
900 1500 1026 1579 proinde

137 1578 224 1656 quasi
258 1586 401 1656 praetura
434 1587 464 1638 et
499 1579 672 1640 consulatus
706 1589 797 1658 atque
830 1579 892 1639 alia
924 1581 1027 1641 omnia

137 1658 263 1738 hujusce
283 1658 364 1718 modi
385 1679 439 1738 per
458 1678 489 1719 se
509 1660 574 1738 ipsa
591 1659 675 1720 clara
688 1670 718 1721 et
732 1660 893 1740 magnifica
906 1661 976 1734 sint,
990 1682 1027 1722 ae

137 1759 199 1799 non
220 1737 345 1817 perinde
365 1738 544 1813 habeantur,
558 1749 593 1800 ut
614 1760 727 1814 eorum,
742 1741 794 1819 qui
814 1761 850 1801 ea
869 1742 1026 1815 sustinent,

137 1820 237 1880 virtus
257 1828 308 1879 est.
351 1817 468 1880 Verum
490 1840 545 1899 ego
570 1819 694 1881 liberius
718 1821 868 1901 altiusque
889 1823 1026 1901 processi,
1036 1822 1075 1884 20

137 1900 212 1960 dum
240 1919 288 1959 me
315 1898 446 1960 civitatis
473 1921 591 1961 morum
615 1901 698 1980 piget
724 1902 893 1982 taedetque.
935 1903 1027 1964 Nunc

136 1980 177 2041 ad
191 1981 346 2059 inceptum
361 1980 457 2041 redeo.

178 2061 205 2124 6.
228 2059 350 2120 Bellum
372 2061 539 2140 scripturus
563 2081 640 2134 sum,
660 2063 740 2141 quod
764 2064 894 2142 populus
919 2063 1027 2126 Roma-

136 2162 195 2202 nus
208 2160 280 2202 cum
293 2139 316 2201 J
317 2141 449 2220 ugurtha
463 2162 532 2221 rege
546 2143 751 2203 Numidarum
767 2146 874 2224 gessit;
895 2146 1028 2224 primum

136 2222 211 2302 quia
225 2240 370 2300 magnum
384 2230 415 2282 et
428 2231 518 2283 atrox
531 2224 678 2302 variaque
692 2225 820 2285 victoria
834 2227 902 2299 fuit,
917 2226 1027 2286 dehinc
1036 2226 1075 2286 25

137 2303 210 2382 quia
224 2311 299 2362 tunc
312 2302 443 2381 primum
457 2302 615 2383 superbiae
633 2304 801 2366 nobilitatis
815 2305 936 2367 obviam
950 2307 1027 2366 itum

136 2393 199 2454 est;
230 2401 308 2461 quae
328 2383 479 2443 contentio
500 2384 606 2445 divina
626 2395 657 2444 et
676 2385 812 2446 humana
833 2397 943 2447 cuncta
1001 2409 1027 2446 r-

137 2463 260 2523 miscuit
274 2482 367 2542 eoque
381 2464 538 2524 vecordiae
551 2467 702 2544 processit,
717 2475 753 2526 ut
766 2467 873 2526 studiis
887 2407 1027 2527 civilihhs

137 2543 254 2604 bellum
282 2551 373 2622 atque
399 2545 525 2605 vastitas
552 2545 662 2606 Italiae
688 2546 779 2606 finem
806 2546 927 2608 faceret
968 2548 1028 2608 Sed

138 2624 223 2703 prius
251 2643 341 2701 quam
369 2623 494 2703 hujusce
521 2627 604 2686 modi
630 2627 674 2687 rei
701 2627 823 2688 initium
857 2629 1026 2709 expediam,
1036 2630 1075 2689 30

138 2724 238 2782 pauca
258 2723 350 2782 supra
370 2713 588 2786 repetamque
609 2707 649 2767 ad
670 2708 909 2786 cognoscendum
926 2711 1027 2770 omnia

138 2783 271 2844 illustria
285 2784 381 2863 magis
394 2786 548 2865 magisque
562 2788 594 2847 in
609 2796 713 2867 aperto
726 2789 795 2849 sint.

180 2863 268 2923 Bello
289 2863 404 2926 Punico
424 2867 564 2938 secund0,
579 2888 638 2946 quo
652 2869 716 2928 dux
731 2868 1025 2949 Carthaginiensium

139 2942 301 3004 Hannibal
319 2955 385 3024 post
404 2947 645 3026 magnitudinem
665 2950 794 3009 nominis
815 2949 947 3011 Romani
967 2950 1027 3012 Ita-

140 3025 199 3084 liae
220 3045 289 3104 opes
310 3045 452 3087 maxume
473 3029 642 3101 attriverat,
664 3029 824 3091 Masinissa
844 3052 899 3091 rex
920 3031 1026 3092 Numi·
1035 3031 1074 3092 35

140 3104 248 3164 darum
275 3105 308 3165 in
335 3107 500 3167 amicitiam
531 3118 669 3188 receptus
695 3131 714 3169 a
741 3110 775 3171 P.
803 3110 950 3191 Scipione,
978 3113 1027 3173 cui

140 3193 243 3263 postea
257 3184 404 3247 Africano
425 3208 590 3266 cognomen
610 3209 650 3249 ex
664 3190 778 3251 virtute
798 3191 866 3265 fuit,
881 3191 979 3253 multa
997 3202 1027 3253 et

139 3263 297 3343 praeclara
325 3267 368 3326 rei
395 3266 534 3328 militaris
561 3269 696 3329 facinora
723 3271 852 3342 fecerat3
883 3272 922 3330 ob
950 3293 1027 3348 quae

142 3345 229 3406 victis
250 3345 549 3424 Carthaginiensibus
569 3358 600 3407 et
620 3357 708 3424 capto
729 3348 876 3425 Syphace,
892 3349 977 3424 cujus
994 3351 1027 3405 in
