2392 3692
128 120 170 184 96
417 136 443 186 a
463 137 645 189 sanausrr
666 138 785 189 caram

176 291 339 354 vexabant.
382 291 443 353 Res
469 294 535 374 ipsa
562 294 679 355 hortari
702 295 834 369 videtur,
858 296 1001 375 quoniam
1030 297 1067 358 de

176 373 310 433 moribus
334 374 466 435 civitatis
489 383 608 455 tempus
631 377 799 449 admonuit,
819 397 912 454 supra
933 387 1067 456 repetere

176 474 212 522 ac
232 453 336 532 paucis
357 454 498 515 instituta
518 456 667 534 majorum
688 455 770 516 domi
790 457 986 536 militiaeque,
1008 479 1067 537 quo

176 534 265 594 modo
286 555 349 594 rem
370 534 524 613 publicam
545 535 708 596 habuerint
722 546 928 617 quantamque
942 538 1066 617 relique·

148 615 247 688 5rint,
261 622 291 674 et
311 623 346 674 ut
366 615 516 694 paulatim
537 617 699 677 immutata
716 638 755 678 ex
774 616 992 696 pulcherruma
1005 640 1066 698 pes-

174 715 262 756 suma
275 715 311 755 ac
326 694 568 774 flagitiosissuma
582 697 665 757 facta
677 698 725 771 sit,
739 698 891 759 disserere.

218 775 247 836 6.
269 773 387 836 Urbem
412 775 550 850 Romam,
574 778 664 838 sicuti
690 799 745 858 ego
772 779 885 858 accepi,
906 779 1065 839 condidere

175 864 267 934 atque
287 855 420 916 habuere
440 857 527 917 initio
548 857 681 936 Trojani,
702 859 754 936 qui
774 859 881 919 Aenea
902 859 980 920 duce
1000 881 1065 938 pro

176 935 242 1014 fugi
262 935 383 997 sedibus
403 936 525 997 incertis
539 938 741 1017 vagabantur,
755 960 884 1018 cumque
900 940 943 999 eis
956 938 1065 1000 Abori-

129 1016 268 1094 lllgines‚
296 1036 390 1094 genus
417 1017 572 1078 hominum
602 1028 727 1098 agreste,
753 1021 818 1080 sine
848 1019 975 1099 legibus,
1002 1021 1064 1080 sine

176 1096 311 1176 imperia,
331 1096 461 1158 liberum
486 1107 577 1177 atque
600 1099 742 1160 solutum.
784 1099 830 1159 Hi
853 1109 1013 1180 postquam
1033 1102 1064 1159 in

176 1196 238 1236 una
272 1177 390 1238 moenia
424 1199 598 1252 convenere,
632 1179 745 1258 dispari
778 1200 896 1259 genere,
927 1181 1064 1240 dissimili

177 1257 290 1336 lingua,
319 1258 396 1320 alius
426 1258 487 1320 alio
514 1279 595 1320 more
622 1260 768 1333 viventes,
795 1260 972 1321 incredibile
1006 1282 1064 1321 me

175 1346 294 1397 moratu
316 1347 361 1398 est
381 1359 473 1418 quam
493 1339 583 1401 facile
607 1340 783 1401 coaluerint.
824 1339 884 1401 Sed
904 1349 1063 1420 postquam

129 1418 224 1478 15res
244 1439 349 1479 eorum
369 1419 495 1492 civibus,
516 1419 657 1493 moribus,
679 1421 759 1500 agris
783 1429 882 1494 aucta,
902 1421 975 1482 satis
998 1443 1063 1500 pro

175 1519 263 1578 spera
296 1499 428 1578 satisque
462 1499 577 1579 pollens
604 1500 775 1574 videbatur,
802 1501 892 1562 sicuti
919 1501 1063 1581 pleraque

176 1579 350 1640 mortalium
371 1579 532 1654 habentur,
550 1581 667 1642 invidia
687 1602 726 1642 ex
747 1582 903 1661 opulentia
923 1591 990 1642 orta
1010 1593 1061 1643 est.

175 1659 276 1740 Igitur
289 1681 373 1740 reges
387 1661 550 1741 populique
563 1661 695 1722 finitumi
708 1661 789 1722 bello
802 1671 959 1742 temptare,
974 1664 1063 1742 pauci

175 1763 214 1802 ex
228 1741 333 1802 amicis
347 1742 462 1801 auxilio
476 1762 555 1814 esse;
570 1763 642 1801 nam
653 1743 744 1803 ceteri
754 1751 836 1802 metu
847 1743 976 1822 perculsi
987 1764 1006 1803 a
1016 1747 1069 1822 pe'

127 1822 166 1882 20
175 1823 278 1884 riculis
293 1822 427 1883 aberant.
468 1821 514 1882 At
525 1823 656 1883 Romani
666 1823 748 1883 domi
759 1823 945 1903 militiaeque
954 1823 1063 1884 intenti

175 1903 326 1977 festinare,
347 1923 464 1982 parare,
485 1903 562 1963 alius
586 1903 682 1963 alium
706 1903 830 1977 hortari,
855 1903 991 1965 hostibus
1014 1904 1063 1964 oh
1173 1906 1174 1959 ἱ

174 1985 257 2045 viam
284 1985 337 2057 ire,
365 1983 545 2057 libertatem,
576 1984 708 2062 patriam
742 1993 939 2064 parentesque
973 1986 1063 2045 armis

171 2073 280 2143 tegere.
337 2064 418 2138 Post,
452 2064 505 2124 ubi
538 2064 674 2144 pericula
708 2065 823 2126 virtute
858 2065 1062 2144 propulerant,

173 2145 261 2205 sociis
295 2153 386 2224 atque
420 2145 524 2206 amicis
558 2145 676 2205 auxilia
709 2145 881 2224 portabant,
909 2147 1062 2226 magisque

128 2225 165 2284 25
175 2225 282 2285 dandis
306 2246 398 2304 quam
422 2226 608 2306 accipiundis
631 2225 783 2287 beneficiis
806 2226 954 2287 amicitias
977 2247 1062 2306 para-

174 2305 256 2366 bant.
300 2305 465 2385 Imperium
487 2307 675 2386 legitumum,
689 2328 798 2367 nomen
818 2306 926 2386 imperi
945 2308 1062 2388 regium

174 2385 335 2446 habebant.
378 2387 506 2460 Deleoti,
528 2387 637 2466 quibus
658 2408 765 2466 corpus
789 2387 875 2447 aunis
899 2386 1062 2461 infirmum,

173 2467 330 2546 ingenium
350 2468 497 2546 sapientia
518 2467 654 2528 validum
676 2477 750 2540 erat,
772 2468 814 2528 rei
835 2466 976 2546 publicae
997 2489 1062 2529 con-

174 2547 330 2608 saltabant
341 2570 347 2606 :
362 2548 395 2607 hi
408 2549 457 2608 vel
472 2557 571 2608 aetate
584 2547 634 2608 vel
648 2569 738 2609 curae
751 2547 950 2608 similitudine
963 2558 1063 2628 patres

127 2626 166 2688 30
175 2627 416 2707 appellabantur.
459 2629 538 2701 Post,
563 2629 618 2689 ubi
645 2629 761 2708 regium
789 2627 958 2707 imperium,
982 2629 1063 2708 quod

175 2709 261 2769 initio
289 2710 511 2769 conservandae
539 2709 689 2771 libertatis
718 2720 810 2788 atque
837 2709 993 2787 augendae
1020 2709 1062 2770 rei

175 2788 316 2868 publicae
339 2789 447 2862 fuerat,
469 2790 500 2849 in
522 2790 696 2869 superbiam
719 2789 1012 2869 dominationemque
1032 2810 1063 2850 se

176 2870 334 2942 convortit,
355 2870 514 2931 immutato
539 2891 621 2931 more
645 2892 748 2931 annua
772 2870 898 2948 imperia
918 2869 1063 2950 binosque

175 2950 369 3030 imperatores
382 2950 440 3010 sibi
454 2950 566 3011 fecere:
589 2972 623 3012 eo
644 2953 732 3012 modo
753 2951 887 3011 minume
906 2971 991 3029 posse
1010 2971 1062 3030 pu·

129 3030 166 3088 35
176 3030 283 3090 tabant
298 3051 351 3110 per
365 3031 518 3091 licentiam
532 3031 707 3092 insolescere
722 3033 857 3092 animum
871 3031 1048 3092 humanum.

217 3112 243 3173 7.
267 3111 326 3171 Sed
350 3132 385 3170 ea
408 3119 585 3189 tempestate
613 3133 735 3191 coepere
761 3133 792 3172 se
819 3113 945 3190 quisque
969 3111 1063 3191 magis

176 3190 321 3250 extollere
349 3191 503 3270 magisque
530 3191 684 3268 ingenium
712 3193 744 3251 in
772 3201 913 3271 promptu
943 3191 1061 3253 habere.

179 3269 260 3329 Nam
287 3269 407 3349 regibus
434 3269 505 3330 boni
533 3291 625 3347 quam
653 3272 725 3330 mali
753 3273 948 3350 suspectiores
982 3280 1061 3342 sunt,

177 3369 350 3428 semperque
377 3350 418 3409 eis
445 3350 545 3409 aliena
565 3350 663 3409 virtus
690 3351 882 3411 formidolosa
909 3361 962 3413 est.
1004 3352 1063 3414 Sed
