2392 3692
114 108 155 176 72
401 123 426 176 c
446 123 627 175 11111111
647 124 768 174 111111

162 281 254 360 Quod
277 302 317 344 ex
341 281 441 344 aliena
460 283 575 344 virtute
598 282 657 344 sibi
680 283 838 362 adrogant,
859 283 891 344 id
915 285 992 345 mihi
1011 290 1052 346 111
1165 319 1169 331 »

161 384 229 424 mea
255 384 317 424 non
344 363 528 437 concedunt3
563 363 677 425 scilicet
705 364 778 442 quia
811 364 957 444 imagines
991 386 1050 426 non

149 444 259 514 ¹habeo
279 453 310 505 11
331 445 402 523 quia
423 444 497 504 mihi
518 465 598 506 nova
618 444 761 505 nobilitas
782 454 843 519 est;
864 466 956 524 quam
970 455 1051 508 certe

164 525 312 605 peperisse
338 525 445 586 melius
478 533 522 585 est
557 545 649 604 quam
682 534 837 605 acceptam
873 527 1049 605 corrupisse.

133 605 312 685 5Equidem
338 626 393 684 ego
417 625 478 665 non
502 605 616 684 ignoro,
639 607 665 666 si
683 606 748 686 jam
773 606 848 665 mihi
872 608 1051 686 respondere

161 687 267 760 velint,
288 686 410 747 abunde
436 685 496 746 illis
524 686 688 747 facundam
712 695 743 747 11
767 686 962 765 compositam
986 709 1051 748 ora-

161 767 273 828 tionem
292 767 364 827 fore,
406 766 465 827 Sed
485 767 516 826 in
530 776 631 828 vostro
652 787 796 846 maxumo
816 767 960 828 beneficio
981 790 1050 830 cum

162 847 300 908 omnibus
324 847 397 908 locis
421 867 469 907 me
492 868 604 925 vosque
628 847 795 908 maledictis
823 847 965 921 lacerent,
990 870 1051 909 1111

160 929 276 1006 placuit
295 928 428 1000 reticere,
442 949 480 989 ne
501 928 567 1007 quis
588 928 763 988 modestiam
785 927 818 987 in
837 929 1051 989 conscientiam

114 1009 293 1070 lOduceret.
335 1008 417 1068 Nam
438 1029 485 1068 me
506 1009 628 1087 quidem
648 1029 687 1068 ex
708 1009 803 1068 animi
823 1010 882 1068 mei
901 1010 1051 1071 sententia

160 1089 248 1150 nulla
268 1090 364 1150 oratio
384 1088 502 1150 laedere
523 1097 637 1168 potest3
658 1089 770 1168 quippe
783 1109 857 1151 vera
874 1109 993 1151 necesse
1006 1100 1051 1151 est

160 1170 236 1231 bene
257 1170 418 1251 praedicet,
432 1169 540 1229 falsam
554 1169 620 1230 vita
640 1189 796 1248 moresque
816 1169 876 1230 mei
894 1181 1049 1250 superant.
1164 1184 1169 1205 '¹

160 1250 219 1312 Sed
244 1250 388 1329 quoniam
411 1258 514 1312 vostra
538 1249 663 1310 consilia
686 1256 877 1323 accusantur,
897 1251 951 1329 qui
974 1252 1050 1312 mihi

159 1351 310 1392 summum
332 1331 475 1391 honorem
495 1339 525 1390 et
545 1349 725 1390 maxumum
744 1331 899 1410 negotium
922 1331 1050 1412 imposu-
1166 1328 1170 1337 '

114 1411 234 1483 1511111,
256 1412 347 1472 etiam
372 1420 463 1490 atque
483 1411 575 1470 etiam
595 1419 744 1489 reputate,
764 1431 839 1471 num
859 1432 963 1472 eorum
983 1433 1050 1492 poe

160 1492 318 1552 nitendum
346 1493 392 1552 sit.
444 1490 513 1551 Non
541 1511 661 1570 possum
688 1491 759 1553 fidei
785 1512 877 1554 causa
903 1492 1050 1572 imagines

160 1593 257 1652 neque
276 1573 446 1652 triumphos
467 1580 520 1632 aut
541 1571 713 1632 consulatus
741 1573 890 1652 majorum
914 1593 1050 1634 meorum

160 1663 318 1727 ostentare,
353 1661 394 1726 at,
429 1653 455 1713 si
489 1672 535 1713 res
568 1650 708 1731 postulet,
743 1653 854 1726 hastas,
889 1653 1048 1727 vexillum,

161 1735 310 1814 phaleras,
335 1734 396 1794 alia
423 1732 567 1792 militaria
594 1733 683 1807 dona,
711 1742 868 1813 praeterea
895 1733 1049 1796 cicatrices

114 1817 288 1877 2011111111
316 1835 448 1894 corpore.
489 1812 560 1874 Hae
586 1822 658 1875 sunt
685 1834 769 1874 meae
795 1814 949 1894 imagines,
974 1814 1048 1876 haec

160 1895 311 1970 nobilitas,
336 1916 397 1956 non
423 1893 590 1954 hereditate
617 1894 731 1967 relicta,
759 1902 794 1954 ut
821 1895 876 1954 illa
903 1895 972 1969 illis,
995 1896 1047 1956 sed

160 1997 238 2054 quae
258 1997 313 2116 eg?
333 1976 406 2036 meis
426 1975 575 2054 plurumis
596 1973 750 2035 laboribus
762 1983 793 2036 11
806 1975 947 2054 periculis
961 1996 1047 2055 quae

159 2057 224 2118 sivi.
308 2077 347 2117 on
374 2065 445 2117 sunt
472 2055 636 2136 composita
663 2054 757 2116 verba
784 2075 867 2115 mea:
901 2057 990 2134 parvi
1016 2057 1047 2117 id

159 2137 245 2198 facio.
288 2136 360 2216 Ipsa
383 2158 414 2198 11
434 2136 531 2198 virtus
555 2135 628 2197 satis
651 2135 788 2196 ostendit
829 2135 897 2197 Illis
920 2136 1047 2198 artificio

113 2219 150 2278 25
159 2238 234 2296 opus
258 2227 311 2290 est,
335 2226 370 2278 ut
393 2217 496 2297 turpia
520 2217 602 2278 facta
625 2217 760 2278 oratione
786 2225 899 2296 tegant.
941 2216 1047 2298 Neque

159 2299 276 2359 litteras
296 2297 429 2359 Graecas
449 2298 558 2359 didici:
579 2317 689 2377 parum
703 2296 843 2375 placebat
857 2318 906 2358 eas
924 2298 1045 2371 discere,

160 2379 272 2459 quippe
296 2399 374 2458 quae
398 2378 438 2438 ad
461 2379 607 2441 virtutem
634 2376 806 2454 doctoribus
830 2378 907 2437 nihil
930 2379 1046 2458 profue-

160 2470 237 2520 rant.
279 2457 324 2519 At
352 2459 406 2520 illa
430 2459 527 2520 multo
555 2468 679 2538 optuma
705 2457 749 2518 rei
775 2457 916 2537 publicae
943 2459 1046 2520 doctus

161 2562 237 2614 sum,
251 2540 367 2601 hostem
389 2539 486 2613 ferire,
507 2540 690 2619 praesidium
710 2537 835 2618 agitare,
856 2538 934 2599 nihil
953 2549 1046 2601 metu·

112 2622 150 2681 30
159 2641 208 2682 ere
229 2621 286 2681 nisi
306 2629 425 2700 turpem
447 2620 569 2693 famam,
589 2620 718 2680 hiemem
739 2627 770 2679 et
791 2628 934 2680 aestatem
955 2621 1047 2699 juxta

160 2701 233 2782 pati,
258 2700 344 2760 humi
368 2701 559 2780 requiescere,
581 2700 684 2761 eodem
705 2710 840 2778 tempore
863 2700 997 2779 inopiam
1017 2710 1047 2762 11

159 2782 294 2842 laborem
314 2780 452 2842 tolerare.
494 2781 554 2841 His
568 2801 624 2859 ego
637 2780 804 2860 praeceptis
817 2780 927 2841 milites
948 2781 1047 2843 horta·

158 2863 222 2936 bor,
247 2881 344 2941 neque
368 2861 435 2922 illos
462 2870 527 2921 arte
554 2861 661 2933 colam,
685 2881 734 2921 me
760 2861 926 2940 opulenter,
950 2883 1048 2943 neque

160 2943 289 3024 gloriam
313 2962 420 3014 meam,
444 2940 577 3002 laborem
602 2941 724 3002 illorum
749 2941 868 3002 faciam.
910 2941 980 3004 Hoc
1003 2952 1047 3004 est

112 3025 149 3084 35
159 3025 242 3097 utile,
257 3023 315 3084 hoc
336 3022 425 3084 civile
444 3022 614 3100 imperium.
656 3021 798 3103 Namque
818 3044 887 3083 cum
908 3031 974 3084 tute
994 3045 1048 3104 per

159 3103 319 3166 mollitiam
343 3123 423 3182 agas,
448 3102 614 3162 exercitum
637 3103 785 3181 supplicio
810 3124 923 3183 cogere,
948 3104 979 3165 id
1003 3113 1048 3165 est

159 3185 325 3255 dominum,
340 3203 401 3242 non
415 3183 625 3260 imperatorem
640 3202 710 3242 esse.
752 3183 840 3244 Haec
860 3193 952 3263 atque
972 3185 1048 3245 talia

160 3265 286 3342 majores
300 3262 394 3324 vostri
408 3261 550 3320 faciundo
564 3281 654 3339 seque
668 3282 791 3341 remque
805 3263 960 3341 publicam
974 3266 1049 3327 cele-

158 3341 302 3404 bravere:
332 3340 398 3418 quis
417 3338 560 3399 nobilitas
583 3339 671 3412 freta,
692 3341 757 3419 ipsa
781 3342 932 3405 dissimilis
959 3347 1048 3408 mori·
