2392 3692
396 142 450 190 nu
469 143 588 194 annno
611 145 855 195 sunuarsmo.
1051 129 1092 196 87

151 304 234 366 domi
248 303 439 382 militiaeque
453 324 499 364 res
513 304 637 384 publiea
646 304 762 366 venalis
775 304 843 366 filit.
885 303 974 381 Quae
986 305 1045 366 nisi

152 385 290 466 quaesita
311 393 411 456 erunt,
426 385 482 444 nisi
497 385 687 446 vindicatum
707 386 740 444 in
760 386 875 457 noxios,
895 384 969 464 quid
988 386 1047 446 erit

151 466 315 545 reliquum,
337 464 396 525 nisi
417 474 452 525 ut
473 465 542 538 illis,
563 467 617 546 qui
636 487 673 527 ea
692 467 799 539 feoere,
819 465 991 526 obedientes
1004 467 1047 526 vi·

152 548 282 608 vamus?
323 544 405 606 Nam
434 546 557 624 impune
585 567 663 626 quae
690 546 776 608 lubet
802 547 912 619 faeere,
938 547 971 606 id
1001 556 1046 608 est

152 648 255 708 regem
270 647 339 688 esse.
382 625 490 706 Neque
511 647 566 706 ego
580 648 642 699 vos,
658 627 803 705 Quirites,
818 627 923 688 hortor
936 637 971 688 ut
984 647 1046 688 ma-
1075 629 1094 686 5

152 709 216 769 litis
237 708 317 770 aives
331 716 447 768 vostros
468 727 627 786 perperam
647 729 740 788 quam
760 717 841 769 recte
861 708 973 774 fecitne.
993 708 1046 768 sed

153 810 192 850 ne
207 788 394 869 ignoscundo
408 787 495 847 malis
509 787 603 848 bonos
615 789 769 868 perditum
790 789 873 849 eatis.
915 788 968 852 Ad
988 787 1046 850 hoo

152 871 185 930 in
200 890 233 930 re
247 869 373 949 publiea
386 868 483 929 multo
502 878 637 948 praestat
656 868 783 930 benefici
803 889 896 948 quam
916 868 1045 930 malefici

151 952 361 1010 immemorem
388 969 466 1010 esse:
495 949 591 1010 bonus
618 950 829 1011 tantummodo
854 950 975 1030 segnior
1001 949 1045 1023 lit,

152 1030 207 1091 ubi
231 1030 377 1110 negligas,
399 1038 431 1089 at
455 1029 553 1091 malus
576 1030 752 1110 improbior.
793 1031 845 1091 Ad
866 1030 932 1104 hoo,
952 1031 978 1092 si
1001 1031 1045 1091 in·
1055 1031 1094 1092 10

156 1112 260 1192 juriae
273 1131 334 1172 non
348 1111 417 1184 sint,
432 1110 515 1173 haud
528 1131 617 1191 saepe
630 1111 729 1171 auxili
742 1112 858 1191 egeas''

194 1193 244 1255 32.
266 1191 355 1252 Haeo
369 1201 460 1270 atque
474 1191 535 1252 alia
548 1190 673 1271 hujusne
687 1192 768 1252 modi
781 1193 900 1272 saepius
913 1193 1045 1254 dicundo

151 1273 318 1335 Memmius
336 1272 449 1352 populo
501 1273 633 1345 rsuedet,
648 1273 694 1334 uti
708 1273 745 1332 L.
760 1272 890 1346 Cassius,
905 1274 958 1353 qui
977 1281 1045 1334 tum

151 1363 275 1436 praetor
296 1362 370 1425 erat,
391 1353 431 1413 ad
452 1293 640 1432 diigurtham
661 1353 840 1426 mitteretur,
855 1374 924 1414 eum
946 1375 984 1414 ue
1001 1354 1044 1414 in·

150 1435 299 1516 terposita
319 1433 381 1494 fide
422 1432 525 1495 ublica
546 1433 676 1494 Romam
696 1434 829 1506 duoeret,
843 1455 903 1514 quo
924 1375 1092 1496 luciliuslo

151 1517 265 1578 indieio
290 1516 368 1594 regis
392 1454 499 1575 dauri
523 1523 554 1574 et
577 1514 771 1595 reliquorum,
795 1535 870 1593 quos
898 1515 1044 1594 peouniae

152 1607 261 1677 captae
289 1594 470 1668 accersebat,
491 1594 603 1656 delleta
669 1595 814 1656 tefierent
857 1595 941 1655 Dum
968 1596 1043 1657 baec

152 1679 269 1739 Romae
293 1685 452 1757 geruntur,
473 1676 525 1755 qui
550 1677 582 1736 in
640 1676 755 1736 umidia
781 1675 880 1738 relioti
900 1696 919 1736 a
939 1675 1045 1736 Bestia

151 1758 301 1820 exercitui
328 1765 499 1836 praeerant,
518 1757 612 1816 secuti
640 1777 754 1817 morem
779 1757 970 1836 imperatoris
996 1757 1043 1816 sui

151 1839 296 1920 pluruma
320 1847 350 1898 et
374 1837 615 1917 flagitiosissuma
638 1837 773 1898 facinora
796 1838 902 1898 faeere.
944 1836 1043 1898 Fuere
1053 1839 1092 1898 20

152 1920 206 2000 qui
231 1939 305 1980 auro
330 1919 465 1996 corrupti
489 1917 666 1997 elephantos
685 1917 859 1998 iugurthae
878 1918 1043 1990 traderent,

153 2000 207 2061 alii
228 1999 371 2079 perfugas
390 1998 528 2071 vendere,
543 2019 614 2077 pars
634 2019 673 2059 ex
694 2000 809 2079 pacatis
829 1999 956 2078 praedas
976 2019 1043 2079 age-

152 2081 245 2142 bant:
267 2089 354 2140 tanta
378 2080 425 2140 vis
452 2079 600 2142 avaritiae
624 2079 656 2140 in
680 2080 795 2140 animos
818 2100 923 2140 eorum
945 2080 1042 2141 veluti

153 2161 239 2222 tabes
260 2161 421 2221 invaserat.
462 2158 508 2220 At
529 2159 650 2221 Cassius
669 2169 798 2240 praetor,
819 2160 938 2240 perlata
958 2181 1042 2240 roga-

153 2242 235 2304 tione
249 2261 268 2301 a
282 2239 315 2302 G.
332 2240 477 2301 Memmio
497 2260 533 2302 ao
554 2241 693 2320 perculsa
712 2243 794 2302 omni
814 2240 982 2314 nobilitate,
1002 2243 1090 2303 adas

153 2322 343 2401 Jugurtham
364 2321 572 2400 proficiscitur,
590 2321 677 2402 eique
697 2322 803 2382 timido
824 2332 853 2383 et
873 2343 913 2383 ex
933 2324 1043 2384 eonsci-

153 2404 236 2465 entiu
264 2401 412 2462 diffidenti
439 2401 528 2462 rebus
555 2403 616 2462 suis
642 2403 812 2482 persuadet,
840 2404 983 2482 quoniam
1012 2425 1043 2464 se

154 2484 267 2564 populo
296 2482 435 2543 Romano
462 2481 598 2554 dedisset,
620 2503 658 2543 ne
678 2484 740 2543 vim
765 2504 856 2562 quam
880 2484 1044 2545 miserioor·

154 2565 238 2626 diam
249 2565 314 2643 ejus
325 2562 457 2642 experiri
468 2561 580 2623 mallet.
623 2562 773 2625 Privatim
784 2573 940 2644 praeterea
952 2565 1043 2626 fidem

154 2666 240 2706 suam
254 2645 429 2722 interponit,
465 2663 535 2704 uam
549 2642 603 2704 ille
615 2665 676 2704 non
690 2645 815 2706 minoris
835 2665 927 2724 quam
967 2645 1092 2707 obli-30

155 2747 222 2787 eam
244 2722 391 2785 ducebat:
421 2665 490 2784 talis
514 2744 550 2784 ea
573 2733 750 2804 tempestate
773 2726 856 2786 fama
879 2726 917 2788 de
940 2667 1043 2788 dessio

154 2814 228 2866 erat.

195 2886 244 2948 33.
266 2884 367 2964 Igitur
390 2884 548 2964 Jugurtha
572 2895 677 2948 eontra
700 2887 791 2947 decus
817 2887 934 2967 regium
958 2888 1043 2949 cultu

176 2985 246 3028 uam
264 2986 407 3026 maxume
428 2966 591 3027 miserabili
606 2987 675 3028 eum
690 2966 792 3028 Cassio
807 2967 937 3028 Romam
950 2969 1042 3030 venit.

187 3069 203 3109 o
223 3047 344 3108 tametsi
365 3047 397 3106 in
418 3047 481 3126 ipso
502 3067 613 3127 magna
626 3048 673 3109 vis
692 3047 786 3108 animi
799 3057 873 3119 erat,
887 3049 1090 3110 confirmatio

155 3137 204 3189 tus
218 3128 258 3189 ab
272 3127 421 3200 omnibus,
436 3142 563 3207 quorum
577 3130 713 3207 potentia
734 3137 789 3188 aut
808 3127 919 3189 seelera
933 3139 1043 3192 cuneta

155 3229 191 3270 ea
217 3217 356 3287 gesserat,
382 3229 459 3287 quae
485 3209 741 3288 supradiximus,
763 3208 797 3269 Ο.
819 3206 968 3270 Baebium
991 3211 1043 3271 tri-

156 3289 273 3349 bunum
300 3288 397 3368 plebis
423 3309 534 3367 magna
562 3289 698 3349 meroede
722 3297 821 3366 parat,
841 3290 927 3379 eujus
948 3291 1043 3366 impu·

156 3369 260 3431 dentis
280 3375 386 3430 eontra
405 3367 456 3446 jus
479 3377 510 3427 et
534 3367 660 3446 injurias
681 3387 783 3423 omnes
803 3376 938 3425 mumtue
956 3368 1041 3424 foret
