2392 3692
98 139 140 202 26
385 152 413 203 c.
432 152 613 204 snrrusrr
635 152 754 203 carsrr

146 311 334 385 infecundus,
346 311 428 373 caelo
439 319 580 390 terraque
590 311 718 390 penuria
731 331 887 390 aquarum.
930 310 1034 374 Genus

145 394 303 454 hominum
324 392 440 454 salubri
461 413 593 472 corpore,
615 391 714 465 velox,
736 392 853 471 patiens
876 391 1033 466 laborum;

146 474 302 554 plerosque
329 477 466 534 senectus
487 473 632 546 dissolvit,
653 473 710 532 nisi
731 472 784 551 qui
803 472 883 532 ferro
908 482 961 534 aut
985 473 1033 535 be

145 556 210 616 stiis
230 555 387 616 interiere:
409 574 480 614 nam
501 553 624 614 morbus
642 554 726 614 baud
745 573 833 632 saepe
851 574 1033 636 quemquam

119 640 276 716 bsuperat.
318 635 371 696 Ad
384 635 441 696 hoo
455 633 585 696 malefici
598 635 716 714 generis
726 632 870 714 pluruma
879 635 1031 696 animalia.

146 717 205 778 Sed
226 717 279 797 qui
299 716 440 776 mortales
461 716 546 776 initio
566 715 706 776 Afficam
730 714 901 788 habuerint,
922 716 1033 794 quique

147 806 250 876 postea
270 798 456 869 accesserint,
476 805 529 856 aut
550 816 610 877 quo
630 797 721 858 modo
741 797 820 856 inter
839 817 870 857 se
889 797 1033 876 permixti
1067 865 1071 872 .

145 879 214 951 sint,
229 897 412 956 quamquam
427 877 466 938 ab
480 898 516 938 ea
530 878 621 949 fama,
636 898 714 956 quae
753 877 887 956 lerosque
908 877 1032 951 obtinet,

146 960 301 1020 divorsum
315 968 367 1031 est,
382 967 484 1018 tamen
505 959 551 1018 uti
572 979 612 1018 ex
633 957 718 1018 libris
766 958 870 1030 unicis,
884 958 937 1036 qui
955 959 1033 1036 regis

100 1043 136 1102 10
146 1038 332 1118 Hiempsalis
346 1039 534 1122 dicebantur,
549 1039 781 1119 interpretatum
802 1038 887 1100 nobis
908 1047 961 1112 est,
975 1039 1032 1099 uti-

33 1152 35 1160 ι
146 1141 204 1200 que
228 1139 292 1180 rem
315 1140 377 1180 sese
402 1119 513 1181 habere
540 1119 670 1181 cultores
697 1121 761 1200 ejus
787 1128 886 1180 terrae
912 1127 1032 1198 putant,

146 1221 237 1279 quam
261 1201 458 1279 paucissumis
479 1201 586 1262 dicam.
629 1200 772 1262 Ceterum
799 1199 872 1260 fides
898 1201 963 1279 ejus
989 1201 1034 1261 rei

145 1302 235 1361 penes
248 1289 385 1341 auctores
398 1283 463 1342 erit.

185 1363 230 1423 18.
253 1360 393 1422 Africam
421 1362 507 1423 initio
540 1362 674 1424 habuere
701 1360 827 1423 Gaetuli
854 1370 884 1422 et
911 1360 1032 1441 Libyes,

99 1445 136 1504 15
146 1443 243 1521 asperi
264 1440 441 1522 incultique,
456 1444 522 1522 quis
543 1443 628 1504 cibus
648 1452 714 1504 erat
735 1463 804 1504 caro
825 1443 922 1504 ferina
937 1448 1033 1520 atque

145 1523 231 1583 humi
255 1521 412 1602 pabulum,
434 1525 480 1584 uti
503 1524 668 1603 pecoribus.
710 1523 756 1583 Hi
779 1543 877 1602 neque
900 1522 1034 1583 moribus

146 1624 243 1682 neque
257 1603 323 1684 lege
337 1614 390 1665 aut
404 1605 529 1684 imperio
544 1605 723 1685 cujusquam
736 1603 938 1684 regebantur;
952 1604 1032 1682 vagi,

146 1684 292 1764 palantes,
314 1706 389 1764 quas
409 1707 470 1746 nox
492 1694 638 1764 coegerat,
659 1685 743 1746 sedes
770 1684 932 1744 habebant.
973 1683 1033 1744 Sed

146 1775 305 1846 postquam
325 1767 357 1827 in
378 1766 530 1845 Hispania
551 1765 710 1838 Hercules,
724 1765 814 1826 sicuti
827 1764 899 1824 Afri
913 1773 1032 1844 putant,

99 1849 137 1909 20
146 1847 270 1921 interiit,
291 1847 442 1908 exercitus
470 1847 542 1925 ejus,
564 1847 744 1926 compositus
767 1866 807 1906 ex
827 1846 919 1906 variis
939 1847 1034 1924 genti·

146 1927 211 2000 bus,
227 1929 334 1988 amisso
355 1928 431 1988 duce
452 1947 488 1987 ac
508 1928 619 2006 passim
640 1926 744 1987 multis
764 1926 821 1986 sibi
838 1926 963 2006 quisque
980 1927 1033 1986 im-

146 2008 264 2146 pprium
283 2007 462 2087 petentibus,
476 2007 564 2068 brevi
584 2007 739 2067 dilabitur.
781 2006 833 2066 Ex
853 2028 888 2068 eo
908 2027 1033 2068 numero

183 2089 240 2161 edi,
256 2088 366 2148 Persae
384 2097 414 2148 et
428 2087 576 2160 Armenii,
590 2087 720 2149 navibus
733 2089 765 2148 in
779 2087 917 2149 Africam
939 2095 1033 2148 trans·

146 2169 234 2241 vecti,
254 2189 417 2247 proxumos
437 2177 538 2229 nostro
559 2168 637 2228 mari
657 2168 737 2230 locos
757 2184 960 2248 occupavere;
981 2169 1032 2228 sed

100 2251 138 2310 25
148 2248 257 2308 Persae
277 2249 358 2309 intra
379 2247 535 2309 Oceanum
556 2249 661 2328 magis,
683 2249 763 2328 iique
787 2249 889 2310 alveos
908 2250 1033 2310 navium

147 2330 281 2390 invorsos
304 2349 359 2408 pro
383 2328 512 2408 tuguriis
534 2327 675 2402 habuere,
697 2330 769 2408 quia
789 2351 887 2410 neque
906 2331 1034 2390 materia

147 2410 179 2469 in
203 2410 282 2488 agris
306 2429 403 2488 neque
427 2408 465 2470 ab
488 2408 635 2488 Hispanis
663 2412 787 2471 emundi
813 2420 868 2472 aut
894 2411 1034 2471 mutandi

147 2490 233 2568 copia
257 2498 338 2550 erat:
368 2510 450 2550 mare
474 2510 619 2568 magnum
643 2503 674 2550 et
697 2492 804 2570 ignara
828 2491 933 2570 lingua
956 2512 1034 2552 com-

149 2570 260 2631 mercia
287 2569 496 2649 prohibebant.
552 2569 598 2630 Hi
632 2570 781 2649 paulatim
816 2592 870 2651 per
904 2571 1034 2633 conubia

100 2651 138 2713 30
147 2649 293 2710 Gaetulos
312 2671 413 2710 secum
434 2652 587 2723 miscuere,
602 2660 632 2711 et
653 2652 725 2730 quia
744 2672 833 2730 saepe
853 2660 1034 2732 temptantes

147 2751 234 2808 agros
255 2730 324 2804 alia,
347 2731 454 2791 deinde
481 2731 542 2791 alia
569 2731 636 2792 loca
662 2733 843 2810 petiverant,
863 2741 955 2794 semet
976 2734 1033 2812 ipsi

147 2811 301 2870 Nomadas
335 2811 534 2890 appellavere.
589 2811 731 2872 Ceterum
765 2813 866 2874 adhuc
896 2813 1034 2874 aedificia

129 2937 132 2946 .
147 2890 351 2950 Numidarum
365 2893 537 2969 agrestium,
552 2912 630 2970 quae
644 2893 778 2972 mapalia
791 2893 837 2952 illi
850 2903 969 2966 vocant,
983 2894 1032 2954 ob

147 2970 246 3049 longa,
261 2971 395 3032 incurvis
410 2971 555 3032 lateribus
569 2981 658 3046 tecta,
674 2974 759 3052 quasi
773 2974 898 3036 navium
913 2975 1033 3035 carinae

100 3051 225 3111 35sunt.
267 3051 365 3111 Medis
386 3061 488 3111 autem
509 3061 539 3112 et
552 3051 706 3114 Armeniis
719 3074 867 3115 accessere
881 3054 1033 3135 Libyes—

36 3162 39 3170 ·
147 3151 219 3190 nam
246 3130 279 3190 hi
305 3131 428 3209 propius
448 3152 531 3192 mare
552 3132 694 3193 Africum
721 3134 888 3212 agitabant,
909 3134 1033 3196 Gaetuli

147 3210 203 3270 sub
230 3211 291 3270 sole
319 3211 423 3287 magis,
446 3211 528 3270 haud
554 3212 661 3291 procul
689 3213 728 3273 ab
756 3215 1033 3294 ardoribus-iique

147 3299 265 3349 mature
289 3288 400 3366 oppida
424 3289 573 3350 habuere:
602 3311 674 3351 nam
695 3293 772 3353 freto
793 3295 882 3355 divisi
902 3295 942 3356 ab
962 3295 1032 3356 His·

147 3368 239 3429 “ania
265 3377 383 3429 mutare
411 3389 458 3430 res
485 3369 564 3430 inter
597 3391 629 3431 se
655 3373 858 3434 instituerant.
913 3375 1032 3438 Nomen

1181 376 1185 623 l

1179 918 1185 1177 l

1181 1205 1185 1457 1

1080 1587 1088 1600 ·
1181 1488 1185 1743 l

1181 2042 1185 2291 l

1181 2677 1185 2863 ¹
