2392 3692
97 99 140 160 44
303 122 306 128 ’
386 113 412 162 0.
432 112 610 163 subtuar]
632 111 751 162 calor!

186 272 234 334 43.
257 272 329 332 Post
347 271 425 332 Auli
444 272 548 334 foedus
569 272 705 333 exercitu
742 293 779 332 ue
799 273 894 333 nostri
914 274 1034 335 foedam

144 353 249 433 fugam
271 352 413 414 Metellus
433 361 463 413 et
484 351 614 426 Silanus,
635 292 770 414 consdlcs
789 353 947 433 designati,
969 377 1034 434 pro

145 434 261 496 vincias
287 434 367 494 inter
393 454 424 494 sc
451 433 649 512 partiverant‚
673 433 859 514 Metelloque
886 435 1034 496 Numidia

145 524 295 587 evenerat,
307 515 370 576 acri
384 514 450 575 viro
464 522 494 574 et
508 535 693 593 quamquam
707 515 835 576 advorso
849 516 954 594 populi
966 537 1034 595 par-

117 595 231 668 btium,
255 595 338 655 fama
361 603 463 655 tamen
487 594 640 674 aequabili
664 604 694 656 et
718 595 872 656 inviolata
925 596 957 656 Is
981 597 1034 657 ubi

145 675 276 755 primum
301 676 512 754 magistratum
536 675 688 754 ingressus
707 684 761 749 est,
775 675 837 736 alia
854 677 956 736 omnia
975 677 1034 737 sibi

145 776 213 816 curn
243 755 358 835 collega
385 764 477 829 ratus,
495 756 534 816 ad
562 755 677 816 bellum
701 757 782 836 quod
805 765 943 836 gesturus
967 766 1033 818 erat

145 836 280 896 animum
305 837 443 897 intendit.
485 836 587 916 Igitur
610 836 749 897 diffidens
768 838 865 898 veteri
885 839 1033 899 exercitui

145 916 255 977 milites
279 916 417 990 scribere,
438 917 588 996 praesidia
608 918 743 997 undique
763 938 918 991 arcessere,
927 939 1033 992 arma,

99 997 214 1069 lOtela‚
238 1017 329 1076 cquos
356 1006 386 1058 et
414 1006 513 1058 cetera
539 998 741 1058 instrumenta
764 998 891 1059 militiae
915 1018 1033 1077 parare,

144 1078 184 1138 ad
205 1077 262 1138 hoc
283 1087 483 1138 commeatum
502 1079 627 1152 affatim,
642 1079 771 1157 denique
785 1079 894 1152 omnia,
909 1080 1033 1157 quaein

145 1157 224 1219 bello
235 1158 321 1219 vario
331 1167 361 1219 et
376 1158 542 1219 multarum
554 1179 656 1219 rerum
666 1159 766 1238 egenti
776 1160 845 1220 usui
855 1180 917 1220 esse
925 1158 1032 1220 solent.

144 1238 287 1299 Ceterum
311 1239 349 1300 ad
374 1260 410 1300 ea
433 1240 584 1320 patranda
608 1248 728 1300 senatus
752 1240 940 1312 auctoritate,
960 1241 1034 1301 socii

144 1338 313 1398 nomenque
326 1320 473 1380 Latinum
494 1329 525 1381 et
544 1341 629 1399 reges
645 1320 727 1380 ultro
745 1319 863 1380 auxilia
876 1322 1033 1394 mittendo,

98 1401 293 1480 lopostremo
318 1401 413 1461 omnis
438 1401 545 1462 civitas
568 1421 686 1462 summo
709 1400 809 1461 studio
829 1401 1032 1463 adnitebatur.

145 1481 255 1560 Itaque
278 1501 317 1541 ex
341 1482 490 1542 sententia
514 1481 653 1542 omnibus
673 1481 763 1542 rebus
783 1482 897 1560 paratis
917 1503 1033 1561 compo

144 1562 275 1642 sitisque,
291 1563 322 1623 in
343 1561 522 1622 Numidiam
542 1562 751 1641 proficiscitur,
765 1581 877 1640 magna
892 1582 945 1640 spe
961 1562 1033 1623 civi-

143 1664 205 1715 um,
227 1664 296 1704 cum
321 1651 443 1722 propter
467 1651 546 1703 artes
569 1642 759 1715 honestum
786 1663 929 1703 maxume
953 1644 1034 1722 quod

144 1724 306 1784 advorsum
334 1722 455 1784 divitias
489 1723 639 1784 invictum
672 1723 809 1783 animum
842 1723 975 1802 gerebat,
1003 1733 1034 1785 et

97 1805 274 1870 20avaritia
298 1804 530 1883 magistratuum
551 1812 622 1864 ante
642 1804 673 1864 id
694 1813 813 1882 tempus
833 1803 866 1863 in
887 1802 1034 1864 Numidia

143 1894 262 1946 nostrae
277 1906 346 1964 opes
361 1894 502 1946 contusae
516 1885 708 1964 hostiumque
721 1892 829 1945 auctae
842 1893 937 1944 erant.

185 1967 233 2026 44.
248 1965 307 2026 Sed
318 1965 371 2026 ubi
382 1966 414 2025 in
425 1964 564 2026 Africam
573 1965 665 2037 venit,
675 1965 826 2025 exercitus
835 1965 864 2025 ei
874 1965 1033 2026 traditura

143 2044 193 2124 Sp.
208 2044 324 2106 Albino
341 2047 517 2124 proconsule
538 2047 626 2119 iners,
641 2045 779 2118 imbellis,
793 2065 891 2124 neque
905 2046 1034 2124 periculi

143 2146 241 2206 neque
255 2125 367 2187 laboris
381 2127 506 2205 patiens,
522 2127 628 2206 lingua
641 2147 732 2205 quam
747 2145 841 2186 manu
856 2127 1031 2206 promptior,

95 2207 134 2268 25
143 2208 304 2292 praedator
323 2227 362 2267 ex
382 2208 467 2268 sociis
487 2216 517 2282 et
538 2209 601 2286 ipse
621 2207 734 2286 praeda
747 2207 888 2280 hostium,
901 2207 965 2268 sine
978 2207 1033 2267 im-

33 2318 35 2322 ·
142 2289 225 2368 perio
239 2296 269 2348 et
283 2287 428 2348 modestia
442 2288 572 2349 habitus.
615 2287 665 2347 Ita
683 2287 859 2367 imperatori
872 2309 951 2349 novo
964 2287 1033 2367 plus

143 2391 182 2430 cx
193 2368 280 2429 malis
291 2367 423 2430 moribus
432 2367 642 2430 sollicitudinis
651 2389 742 2447 quam
752 2389 792 2429 ex
803 2369 890 2448 copia
900 2368 1031 2430 militurn

143 2449 240 2511 auxili
254 2458 308 2511 aut
321 2449 384 2530 spei
398 2449 494 2510 bonae
509 2449 680 2510 accedebat.
721 2448 836 2510 Statuit
852 2458 954 2510 tamen
968 2451 1032 2512 Me

142 2530 241 2604 tellus,
256 2551 441 2610 quamquam
455 2539 485 2592 et
499 2531 681 2592 aestivorum
703 2537 821 2608 tempus
842 2531 1031 2591 comitiorum

96 2613 227 2673 30mora
236 2612 473 2684 imminuerat‚et
482 2611 705 2691 exspectatione
713 2618 839 2672 aventus
848 2611 1031 2672 civiumani-

145 2713 208 2753 mos
217 2693 491 2772 intentosputabat,
500 2713 561 2752 non
570 2691 653 2771 prius
662 2690 1031 2770 bellumattingerequam

143 2774 292 2833 ma'orum
306 2773 466 2852 disciplina
479 2773 589 2834 milites
603 2772 742 2833 laborare
757 2772 907 2852 coegisset.
949 2771 1030 2832 Nam

143 2795 285 2927 Albinus,
306 2853 383 2914 Auli
403 2853 506 2915 fratris
530 2854 738 2933 exercitusque
760 2852 846 2914 clade
866 2851 1031 2932 perculsus,

143 2943 301 3014 postquam
322 2934 497 2996 decreverat
510 2955 571 2994 non
584 2935 687 3013 egredi
700 2933 866 3013 provincia,
881 2941 1030 3012 quantum

96 3015 135 3074 35
143 3015 285 3093 temporis
295 3014 477 3076 aestivorum
486 3015 518 3074 in
526 3015 652 3094 imperio
661 3014 912 3094 fuit,plerumquc
920 3012 1032 3074 milites

143 3095 261 3156 stativis
272 3096 376 3155 castris
389 3095 530 3169 habebat,
542 3096 599 3156 nisi
610 3116 679 3157 curn
691 3096 762 3157 odos
772 3104 826 3154 aut
836 3093 942 3173 pabuli
952 3113 1031 3173 eges·

144 3174 300 3235 taslocum
311 3183 429 3236 mutare
439 3174 606 3255 subegerat.
642 3175 807 3254 Sedneque
816 3174 1031 3235 muniebantur

144 3275 189 3326 ea,
210 3275 307 3334 neque
327 3275 409 3314 more
429 3255 554 3316 militari
575 3256 696 3334 vigiliae
716 3255 960 3316 deducebantur:
985 3256 1030 3316 uti

47 3329 50 3337 ’
146 3334 253 3415 cuique
268 3333 402 3406 lubebat,
412 3333 450 3394 ab
464 3335 556 3415 signis
571 3335 692 3406 aberat;
707 3334 789 3394 lixae
802 3336 947 3414 permixti
961 3356 1029 3396 cum

1177 2885 1181 3135 l

1178 3172 1181 3369 l
