2392 3692
727 788 805 862 C.
871 787 1317 861 SALLUSTI
1378 786 1695 859 CRISPI

567 961 708 1055 DE
763 961 1098 1054 BELLO
1153 960 1206 1054 J
1212 959 1849 1053 UGURTHINO

1027 1118 1400 1186 LIBER.

992 1247 1421 1290 -ωὲοςοο-

344 1336 956 1478 1.FA1,so‹}ueritur
983 1337 1060 1399 de
1087 1346 1312 1399 natura
1337 1356 1449 1399 sua
1475 1355 1664 1416 genus
1692 1335 2047 1410 humanum,

264 1418 428 1498 quod
455 1357 765 1480 imbecilla
805 1427 988 1558 atssue
1029 1419 1167 1480 aevi
1207 1417 1411 1480 brevis
1449 1417 1606 1478 forte
1638 1417 1840 1496 potius
1868 1437 2052 1496 quam

264 1500 498 1560 virtute
513 1507 777 1578 regatur.
926 1519 1026 1558 am
1048 1507 1262 1560 contra
1283 1498 1623 1593 reputando
1641 1517 1836 1577 neque
1857 1499 2053 1578 majus

266 1579 439 1640 aliud
467 1599 665 1659 neque
690 1578 1158 1660 praestabilius
1140 1580 1430 1652 mvenias,
1453 1578 1766 1658 magisque
1792 1587 2052 1638 naturae

266 1660 632 1720 industriam
668 1659 982 1721 hominum
1019 1679 1202 1739 quam
1236 1661 1364 1721 vim
1404 1669 1511 1720 aut
1552 1669 1791 1738 tempus
1832 1659 2047 1720 deesse.
2108 1661 2145 1720 5

267 1740 386 1801 Sed
434 1741 567 1801 dux
614 1749 796 1820 atque
843 1741 1172 1820 imperator
1213 1741 1378 1802 vitae
1418 1739 1769 1802 mortalium
1811 1739 2049 1800 animus

267 1830 390 1895 est3
433 1821 540 1901 qui
580 1820 688 1882 ubi
728 1822 807 1882 ad
847 1821 1105 1901 gloriam
1145 1820 1390 1883 virtutis
1430 1822 1534 1883 via
1580 1829 1908 1902 grassatur,
1948 1819 2048 1880 ab·

270 1869 432 1963 unde
469 1901 702 1996 pollens
738 1911 1069 1982 potensque
1109 1910 1169 1962 et
1211 1902 1411 1963 clarus
1447 1910 1552 1975 est,
1580 1922 1776 1980 neque
1802 1901 2050 1962 fortuna

268 1991 422 2062 eget,
465 1982 689 2062 quippe
742 1982 1124 2062 probitatem,
1168 1982 1531 2043 industriam
1580 1983 1847 2062 aliasque
1890 1990 2049 2043 artes

270 2063 458 2124 bonas
510 2083 706 2143 neque
759 2064 906 2124 dare
960 2083 1155 2143 neque
1209 2063 1441 2143 eripere
1496 2064 1779 2142 cuiquam
1834 2071 2043 2142 potest.
2067 2063 2143 2122 10

269 2143 378 2204 Sin
407 2152 620 2223 captus
646 2145 852 2238 pravis
879 2143 1266 2223 cupidinibus
1307 2145 1387 2204 ad
1426 2144 1708 2238 inertiam
1749 2152 1810 2204 et
1837 2143 2047 2223 volup-

269 2233 426 2285 tates
467 2224 731 2304 corporis
770 2244 1011 2304 pessum
1050 2225 1230 2286 datus
1269 2232 1376 2297 est,
1404 2224 1738 2304 perniciosa
1774 2223 2047 2284 lubidine

270 2304 576 2399 paulisper
636 2325 796 2378 usus,
850 2303 959 2365 ubi
1011 2326 1120 2385 per
1173 2271 1506 2366 socordiam
1560 2305 1735 2378 vires,
1790 2313 2046 2385 tempuS,

270 2386 584 2465 ingenium
637 2384 973 2459 diffluxere,
1013 2395 1271 2447 naturae
1324 2385 1642 2446 infirmitas
1697 2394 2045 2446 accusatur:

269 2487 443 2526 suam
491 2466 742 2545 quisque
790 2465 1035 2545 culpam
1082 2475 1356 2527 auctores
1396 2466 1476 2526 ad
1516 2467 1759 2545 negotia
1799 2465 2047 2526 transfe-
2067 2466 2143 2525 15

271 2555 433 2607 runt.
522 2545 706 2624 Quod
760 2547 812 2606 si
865 2545 1211 2608 hominibus
1265 2547 1559 2608 bonarum
1617 2567 1819 2607 rerum
1873 2555 2049 2607 tanta

272 2647 421 2688 cura
460 2635 631 2700 esset,
672 2634 899 2706 quanto
938 2627 1138 2688 studio
1178 2627 1379 2688 aliena
1420 2648 1491 2688 ac
1529 2627 1689 2687 nihil
1729 2627 2050 2707 profutura

271 2703 586 2801 multaque
611 2709 796 2768 etiam
822 2707 1160 2788 periculosa
1200 2716 1434 2788 petunt,
1462 2728 1658 2788 neque
1698 2717 2049 2787 regerentur

271 2788 465 2868 magis
505 2808 689 2867 quam
730 2797 1007 2868 regerent
1034 2809 1225 2862 casuS,
1253 2799 1314 2849 et
1346 2809 1415 2850 eo
1443 2789 1877 2883 magnitudinis
1918 2810 2049 2868 pro-

273 2869 570 2942 cederent,
597 2866 706 2928 ubi
732 2889 843 2962 pro
870 2869 1228 2930 mortalibus
1254 2869 1451 2948 gloria
1477 2870 1707 2931 aeterni
1734 2869 1963 2930 fierent.
2069 2870 2145 2929 20

355 2950 414 3011 2.
459 2948 623 3010 Nam
663 2949 757 3009 uti
795 2970 984 3044 genus
1023 2949 1338 3011 hominum
1381 2951 1771 3030 compositum
1810 2971 1888 3011 ex
1927 2971 2049 3011 cor-

273 3050 418 3109 pore
455 3038 517 3090 et
553 3029 759 3091 anima
794 3039 900 3102 est,
930 3031 1019 3090 ita
1059 3051 1152 3091 res
1195 3039 1450 3091 cunctae
1490 3031 1808 3110 studiaque
1849 3032 2052 3092 omnia

273 3118 479 3172 nostra
520 3111 785 3190 corporis
826 3111 968 3184 alia,
999 3111 1122 3171 alia
1162 3111 1351 3171 animi
1386 3121 1668 3171 naturam
1698 3121 2048 3191 sequuntur.

274 3191 476 3271 Igitur
493 3191 830 3285 ‘praeclara
870 3191 1071 3265 facies,
1099 3211 1357 3270 magnae
1398 3192 1665 3264 divitiae,
1694 3192 1774 3252 ad
1817 3192 1933 3253 hoc
1958 3193 2053 3254 vis

274 3272 562 3365 corporis·
579 3280 640 3333 et
680 3272 803 3333 alia
845 3273 1048 3332 omnia
1089 3273 1339 3350 hujusce
1376 3273 1540 3331 modi
1577 3272 1750 3330 brevi
1778 3272 2052 3331 dilabun-
2072 3271 2148 3329 25

273 3361 411 3425 tur;
453 3360 518 3412 at
544 3352 753 3431 ingeni
780 3353 1024 3431 egregia
1050 3351 1325 3412 facinora
1364 3351 1542 3408 sicuti
1582 3350 1787 3407 anima
1813 3351 2051 3406 immor-

1869 3441 1933 3488 13
