2392 3692
388 167 441 218 nr
460 167 580 219 annno
603 167 852 220 Jcomrnmo.
1049 155 1091 222 77

152 349 246 410 quam
273 337 392 408 tempus
418 328 526 401 visum,
555 328 660 389 castris
686 328 840 408 egreditur
866 337 1044 410 noctemque

153 420 249 472 totam
270 409 378 470 itinere
399 409 480 470 facto
501 409 653 482 consedit3
680 409 761 469 idem
781 430 932 489 proxuma
952 412 1043 483 facit3

153 492 224 552 dein
248 490 339 551 tertia
362 489 458 549 multo
479 498 550 550 ante
571 489 648 550 lucis
668 490 833 552 adventum
854 492 992 571 pervenit
1010 493 1043 551 in

153 573 255 633 locum
269 569 463 642 tumulosum,
478 569 518 630 ab
536 569 636 650 Capsa
656 591 717 631 non
737 570 868 650 amplius
880 572 976 633 duum
990 573 1043 632 mi-

154 653 231 712 lium
262 650 432 723 intervallo,
460 651 562 730 ibique
589 671 682 730 quam
708 651 919 712 occultissume
944 661 1043 733 potest
1072 655 1091 713 5

154 753 225 794 cum
246 730 384 793 omnibus
398 731 490 810 copiis
504 731 668 811 opperitur.
709 732 769 793 Sed
789 732 843 793 ubi
863 733 926 794 dies
946 735 1043 812 eoepit

153 823 184 874 et
208 812 362 873 Numidae
386 811 463 872 nihil
487 811 596 872 hostile
623 821 790 874 metuentes
816 812 906 874 multi
932 815 1043 894 oppido

153 893 272 973 egressi,
292 901 414 972 repente
434 912 553 953 omnem
573 894 742 972 equitatum
763 904 792 955 et
814 915 883 954 cum
902 894 945 954 eis
964 893 1044 956 velo

154 975 297 1035 cissumos
317 973 431 1052 pedites
452 993 540 1034 cursu
562 973 686 1034 tendere
700 975 738 1034 ad
754 974 884 1060 Capsam
897 983 928 1034 et
942 983 1043 1053 portas

153 1055 291 1115 obsidere
307 1053 402 1134 jubet.
444 1052 564 1114 Deinde
578 1053 642 1134 ipse
655 1054 789 1115 intentus
803 1075 930 1135 propere
949 1056 1042 1135 sequi,
1053 1057 1091 1116 10

153 1155 253 1215 neque
274 1134 383 1195 milites
403 1135 543 1215 praedari
564 1134 669 1195 sinere.
712 1132 801 1210 Quae
816 1145 974 1215 postquam
993 1156 1044 1215 op

174 1215 259 1276 idani
284 1234 458 1295 cognovere,
482 1235 529 1275 res
553 1215 699 1295 trepidae,
723 1223 821 1275 metus
844 1215 958 1295 ingens,
983 1236 1044 1276 ma-

153 1237 220 1356 lum
234 1296 440 1375 improvisum,
454 1297 495 1357 ad
515 1296 572 1356 hoc
592 1315 663 1375 pars
683 1295 796 1356 civium
816 1304 905 1355 extra
926 1297 1044 1357 moenia

153 1378 185 1436 in
199 1376 331 1437 hostium
344 1384 492 1455 potestate
506 1396 638 1456 coegere,
648 1376 694 1436 uti
707 1375 890 1436 deditionem
901 1377 1042 1437 facerent.

153 1457 297 1518 Ceterum
321 1457 466 1536 oppidum
490 1457 655 1530 incensum,
676 1455 830 1516 Numidae
853 1455 980 1536 puberes
999 1459 1091 1517 in-15

153 1537 282 1610 terfecti,
310 1537 361 1604 alii
390 1557 492 1598 omncs
519 1558 632 1600 venum
658 1537 732 1609 dati,
755 1537 870 1616 praeda
897 1536 1044 1599 militibus

154 1618 261 1679 divisa.
307 1616 345 1677 Id
373 1615 490 1679 facinus
517 1627 624 1680 contra
646 1618 698 1697 jus
724 1616 797 1678 belli
825 1637 886 1677 non
913 1618 1044 1678 avaritia

154 1718 253 1776 neque
273 1696 383 1758 scelere
405 1698 534 1760 consulis
554 1699 726 1771 admissum,
740 1699 791 1758 sed
806 1697 878 1837 quia
891 1696 975 1758 locus
989 1698 1010 1759 J
1011 1719 1043 1758 u·

154 1778 285 1858 gurthae
304 1799 343 1858 op
382 1787 498 1851 rtunus,
512 1778 600 1840 nobis
619 1779 704 1839 aditu
726 1778 818 1840 diffici
831 1779 864 1850 is,
878 1798 973 1857 genus
992 1779 1044 1839 ho

155 1859 272 1918 minum
289 1879 338 1918 mo
360 1859 560 1933 ile,·infidum,
574 1869 645 1921 ante
664 1880 761 1938 neque
781 1858 926 1920 beneficio
946 1879 1044 1938 neque
1053 1860 1092 1919 20

155 1948 238 2000 metu
253 1940 424 2000 coercitum.

196 2020 246 2082 92.
268 2020 433 2099 Postquam
457 2028 574 2081 tantam
602 2041 666 2080 rem
694 2021 809 2099 peregit
837 2020 954 2081 Marius
980 2021 1044 2081 sine

155 2101 220 2161 ulla
234 2120 356 2161 suorum
370 2101 567 2174 incommodo,
578 2121 706 2180 magnus
718 2109 749 2161 et
763 2101 863 2162 clarus
874 2111 972 2173 antea,
983 2123 1044 2161 ma-

159 2183 209 2260 jor
232 2190 324 2260 atque
348 2181 458 2242 clarior
481 2180 587 2241 haberi
607 2182 713 2260 coepit.
755 2181 867 2242 Omnia
887 2202 948 2241 non
969 2181 1044 2242 bene

156 2260 293 2322 consulta
314 2262 346 2321 in
366 2262 511 2323 virtutem
532 2262 750 2335 trahebantur3
772 2262 891 2335 milites,
911 2263 1044 2324 modesto
1054 2263 1091 2321 25

156 2342 283 2422 imperio
296 2341 403 2415 habiti,
417 2342 506 2403 simul
521 2351 550 2402 et
564 2341 736 2421 locupletes,
751 2343 790 2402 ad
812 2343 929 2404 caelum
947 2343 1042 2416 serre3

156 2423 310 2483 Numidae
334 2423 428 2502 magis
452 2443 544 2502 quam
568 2422 726 2483 mortalem
750 2424 873 2496 timere;
895 2434 1043 2503 postremo

156 2523 267 2576 omnes,
288 2503 360 2564 socii
383 2511 475 2582 atque
499 2503 606 2576 hostes,
627 2504 748 2564 credere
767 2504 814 2564 illi
837 2513 892 2564 aut
912 2514 1043 2566 mentem

156 2583 294 2644 divinam
307 2603 368 2644 esse
382 2593 435 2644 aut
449 2583 573 2644 deorum
584 2592 662 2644 nutu
674 2593 785 2645 cuncta
795 2585 942 2664 portendi.
984 2585 1043 2646 Sed

156 2663 270 2736 consul,
284 2662 338 2723 ubi
352 2683 387 2724 ea
401 2683 448 2724 res
461 2663 537 2724 bene
550 2665 659 2737 evenit,
674 2665 713 2725 ad
734 2666 795 2725 alia
809 2666 922 2745 oppida
934 2667 1042 2746 pergit,
1053 2665 1091 2725 30

157 2764 255 2823 pauca
275 2743 515 2885 repugnantibus
536 2744 678 2805 Numidis
699 2746 788 2825 capit,
810 2745 908 2825 plura,
927 2747 1045 2807 deserta

155 2833 279 2904 propter
326 2825 495 2903 apsensium
516 2825 657 2899 miserias,
672 2825 735 2904 igni
752 2827 937 2906 corrumpit;
959 2828 1042 2888 luctu
1106 2893 1109 2898 ,

156 2914 247 2984 atque
275 2905 365 2988 caede
390 2906 491 2966 omnia
519 2906 716 2984 complentur.
771 2906 911 2986 Denique
941 2909 1044 2969 multis

157 2985 229 3046 locis
250 2985 373 3064 potitus,
387 3006 424 3046 ac
444 2986 592 3065 plerisque
613 2987 746 3047 exercitu
769 2987 935 3061 incruento,
952 2989 1043 3049 aliam

157 3087 219 3126 rem
241 3066 425 3145 aggreditur,
446 3087 506 3126 non
526 3066 631 3126 eadem
652 3068 814 3147 asperitate
835 3089 895 3147 qua
915 3068 1044 3148 Capsen-
1053 3067 1092 3126 35

156 3146 243 3219 sium,
258 3156 390 3207 ceterum
406 3147 488 3206 baud
501 3167 584 3207 secus
598 3147 759 3208 difficilem.
801 3147 941 3227 Namque
961 3149 1045 3209 haud

157 3225 245 3305 longe
260 3246 279 3286 a
292 3225 417 3286 flumine
428 3227 585 3300 Mulucha,
597 3228 676 3306 quod
687 3227 708 3288 J
710 3229 860 3306 ugurthae
871 3227 1045 3309 Bocchique

158 3327 285 3385 regnum
313 3307 513 3386 disjungebat,
537 3316 603 3366 erat
626 3307 705 3366 inter
729 3317 859 3366 ceteram
887 3307 1044 3383 planitiem

159 3406 243 3446 mons
262 3407 379 3460 saxeus,
402 3387 542 3446 mediocri
563 3385 686 3446 castello
709 3385 781 3443 satis
805 3393 919 3460 pateus,
940 3385 972 3442 in
992 3386 1044 3442 im·
