2392 3692
111 94 152 159 50
398 109 621 162 usrnrnsrr
643 110 762 163 carsrr

157 271 216 331 fusi
237 269 410 349 fugatique3
437 271 528 350 pauci
550 271 699 343 interiere,
723 271 881 351 plerosque
901 273 1045 334 velocitas

157 361 186 412 et
210 351 293 429 regio
317 350 452 411 hostibus
476 351 583 429 ignara
603 360 703 412 tutata
722 362 802 412 sunt.
845 351 969 414 Interea
989 354 1045 415 Bo

146 431 273 505 ,milcar,
294 451 384 509 quem
412 430 580 509 elephantis
604 440 634 490 et
657 433 738 510 parti
761 432 916 511 copiarum
944 435 1045 513 pedes-

156 513 250 572 trium
274 511 459 591 praesectum
480 510 519 570 ab
541 510 697 590 Jugurtha
717 532 810 590 supra
830 513 973 587 diximus,
993 515 1045 575 ubi

129 595 225 654 deum
254 591 390 652 Rutilius
417 599 653 670 praetergressus
677 599 729 662 est,
751 592 901 670 paulatim
924 614 995 655 suos
1014 596 1045 654 in

156 693 286 751 aequum
307 671 406 732 locum
428 671 558 742 deducit,
576 692 612 731 ac
632 671 706 730 dum
727 672 845 751 legatus
862 674 903 734 ad
921 674 1045 747 flumen,

156 773 215 832 quo
237 752 416 832 praemissus
443 760 517 824 erat,
542 751 686 812 festinans
713 753 822 832 pergit,
846 754 975 833 quietus,
999 755 1046 815 uti

156 854 202 894 res
223 832 405 912 postulabat,
426 832 521 892 aciem
543 840 680 905 exornat,
702 854 799 913 neque
819 835 947 895 remittit
972 835 1045 914 quid

156 914 268 992 ubique
296 913 388 973 hostis
416 921 518 992 ageret
545 912 713 1007 explorare.
768 914 933 994 Postquam
958 915 1046 975 Ruti-

110 995 230 1055 lulium
244 993 410 1055 consedisse
427 994 492 1072 jam
506 1001 536 1053 et
551 1013 652 1054 ammo
665 1015 796 1056 vacuum
811 996 928 1074 accepit
941 995 1046 1056 simul-

155 1095 213 1154 que
233 1095 272 1134 ex
291 1073 313 1135 J
315 1074 465 1153 ugurthae
485 1073 600 1152 proelio
621 1074 781 1136 clamorem
802 1077 915 1155 augeri,
930 1077 1046 1138 veritus

155 1175 193 1215 ne
207 1155 324 1234 legatus
339 1154 459 1233 cognita
473 1175 505 1214 re
519 1154 728 1216 laborantibus
747 1156 808 1217 suis
828 1155 944 1217 auxilio
957 1156 1045 1230 foret,

155 1235 259 1307 aciem,
281 1254 372 1314 quam
400 1234 537 1295 diffidens
557 1236 666 1297 virtuti
689 1236 822 1296 militum
845 1246 912 1296 arte
934 1246 1046 1298 statue

155 1325 212 1389 rat,
241 1336 300 1394 quo
327 1314 459 1375 hostium
487 1316 588 1375 itineri
616 1315 755 1389 officeret,
783 1316 875 1377 latius
906 1318 1045 1398 porrigit,

108 1397 146 1457 15
155 1416 248 1474 coque
262 1395 351 1456 modo
365 1395 405 1456 ad
419 1395 519 1456 Rutili
533 1406 632 1457 castra
646 1397 789 1475 procedit.

197 1477 246 1538 53.
268 1476 400 1536 Romani
420 1497 459 1537 ex
479 1477 641 1556 improviso
661 1476 794 1556 pulveris
813 1478 877 1539 vim
901 1499 1045 1557 magnam

155 1557 422 1629 animadvortunt3
443 1577 515 1617 nam
529 1567 720 1638 prospectum
739 1579 811 1637 ager
830 1557 962 1619 arbustis
976 1580 1045 1620 con-

154 1639 229 1699 situs
256 1637 444 1717 prohibebat.
487 1638 529 1697 Et
556 1639 654 1718 primo
682 1640 742 1698 rati
769 1639 898 1698 humum
925 1639 1046 1700 aridam

156 1728 246 1781 vento
266 1719 385 1798 agitari,
399 1727 466 1798 post
485 1718 538 1779 ubi
559 1719 748 1798 aequabilem
768 1739 889 1780 manere
902 1729 942 1792 et,
955 1721 1046 1782 sicuti

108 1801 233 1862 20aoies
267 1799 454 1873 movebatur,
482 1799 577 1879 magis
612 1801 766 1879 magisque
800 1801 1046 1880 appropinquare

155 1881 269 1953 vident,
284 1881 405 1961 cognita
418 1901 451 1940 re
464 1901 519 1960 pro
559 1889 659 1940 rantes
680 1901 766 1940 arma
786 1881 911 1959 capiunt
930 1902 967 1943 ac
988 1902 1044 1961 pro

157 1961 271 2033 castris,
292 1961 381 2029 sicuti
402 1962 517 2040 impera
539 1970 617 2032 atur,
632 1961 806 2021 consistunt.
848 1960 977 2035 Deinde,
992 1963 1046 2023 ubi

157 2042 280 2122 propius
301 2050 426 2104 ventum
447 2051 500 2115 est,
521 2042 674 2121 utrimque
694 2062 805 2121 magno
826 2041 957 2104 clamore
977 2064 1045 2104 eon-

156 2123 297 2183 eurritur.
338 2121 491 2183 Numidae
514 2122 725 2182 tantummodo
749 2124 902 2196 remorati,
916 2124 991 2183 dum
1012 2125 1045 2184 in

109 2205 147 2264 25
156 2203 326 2283 elephantis
350 2203 499 2263 auxilium
524 2212 643 2282 putant,
663 2211 822 2283 postquam
846 2223 895 2264 eos
920 2205 1045 2283 impedi-

154 2293 201 2345 tos
222 2286 312 2344 ramis
333 2283 476 2344 arborum
497 2293 587 2363 atque
607 2285 652 2344 ita
671 2284 809 2363 disjectos
832 2284 1045 2346 circumveniri

155 2365 270 2438 vident,
295 2365 400 2444 fugam
427 2365 552 2437 faciunt,
577 2385 613 2425 ao
640 2363 776 2444 plerique
803 2363 927 2443 abjectis
954 2367 1046 2427 armis

155 2445 240 2508 collis
264 2455 318 2506 aut
342 2446 446 2517 noctis,
471 2465 548 2523 quae
572 2447 637 2524 jam
658 2445 772 2518 aderat,
797 2445 914 2506 auxilio
934 2446 1046 2525 integri

156 2527 278 2587 abeunt.
320 2525 487 2604 Elephanti
515 2534 659 2604 quattuor
686 2526 775 2605 capti,
804 2525 913 2605 reliqui
941 2547 1045 2588 omncs

108 2609 147 2668 30
155 2627 281 2667 numero
303 2607 505 2686 quadraginta
526 2607 684 2667 interfecti.
726 2606 772 2666 At
786 2606 926 2680 Romani,
941 2628 1045 2686 quam·

156 2709 248 2768 quam
268 2688 376 2748 itinere
397 2696 487 2767 atque
501 2707 590 2767 opere
604 2695 769 2747 castrorum
790 2697 821 2748 et
841 2687 956 2766 proelio
977 2688 1045 2749 sessi

157 2769 286 2848 lassique
309 2768 640 2846 crant,tame11,quod
663 2767 807 2828 Metellus
831 2767 961 2848 amplius
984 2770 1045 2849 opi·

155 2851 245 2910 nione
272 2848 456 2920 morabatur,
482 2848 621 2908 instructi
645 2848 813 2926 intentique
836 2848 958 2910 obviam
979 2869 1046 2928 pro

158 2931 279 2991 cedunt.
335 2928 416 2988 Nam
444 2927 530 3006 dolus
558 2927 762 2989 Numidarum
796 2928 873 2988 nihil
907 2929 1045 3009 languidi

109 3013 254 3089 aureque
275 3009 389 3070 remissi
410 3007 589 3088 patiebatur.
632 3007 680 3069 Ac
694 3008 792 3088 primo
806 3008 934 3069 obscura
946 3019 1043 3083 nocto,

157 3099 315 3170 postquam
337 3089 420 3148 haud
441 3089 546 3167 procul
561 3089 641 3147 inter
653 3109 684 3148 se
697 3097 793 3161 erant,
807 3090 944 3167 strepitu,
959 3090 1045 3152 velut

156 3171 255 3230 hostes
283 3170 469 3239 adventaret,
494 3167 582 3228 alteri
610 3169 691 3246 apud
719 3169 829 3229 alteros
853 3169 1045 3231 formidinem

156 3249 247 3310 simul
272 3257 304 3308 et
331 3247 497 3307 tumultum
528 3247 644 3320 facere,
663 3258 692 3308 et
719 3269 814 3326 paene
840 3250 1046 3328 imprudentia

156 3329 320 3390 admissum
354 3327 470 3387 facinus
503 3326 682 3400 miserabile,
708 3329 742 3388 ni
775 3329 928 3410 utrimque
960 3351 1046 3412 prae·
