2392 3692
404 167 459 214 rm
476 165 599 216 anuto
620 166 867 218 susurrasse.
1060 151 1106 216 tt

163 325 206 386 ad
220 325 366 406 oppidum
386 345 405 386 a
439 345 476 386 ue
490 325 536 386 uti
549 325 703 405 superiore
716 325 766 386 die
779 343 901 385 murum
921 324 1058 404 aggredi-

163 416 224 467 tur.
267 405 396 467 Interim
439 406 572 485 ugurtha
592 427 632 466 ex
653 406 772 466 occulto
795 415 918 484 repente
941 413 1058 466 nostros

163 487 303 559 invadit;
317 487 370 566 qui
384 487 417 546 in
430 507 580 566 proxumo
589 486 682 546 loeati
693 486 823 558 fuerant,
833 485 987 580 paulisper
999 495 1058 548 ter·

164 567 218 627 riti
243 566 471 646 perturbantur,
493 567 602 645 reliqui
629 565 689 628 oito
715 565 908 628 subveniunt.
951 565 1058 645 Neque

164 647 282 708 diutius
295 645 449 707 Numidae
463 647 598 708 resistere
612 647 786 725 quivissent,
799 647 832 706 ni
852 646 968 726 pedites
987 667 1057 708 eum
1086 648 1104 707 5

164 727 319 806 equitibus
346 728 490 806 permixti
524 747 667 806 magnam
694 727 812 788 cladem
839 728 871 787 in
898 747 1057 806 congressu

164 809 302 869 facerent
314 831 321 880 ;
343 807 451 888 quibus
475 807 521 868 illi
544 808 614 868 freti
628 828 698 879 non,
720 809 766 868 nti
789 809 920 887 equestri
944 808 1058 887 proelio

164 889 251 963 solet,
272 889 365 968 sequi,
386 889 455 949 dein
476 889 590 961 oedere,
603 889 655 949 sed
676 888 811 948 advorsis
831 889 916 967 equis
935 908 1058 949 eoneur-

164 990 242 1042 rere,
263 969 419 1048 implicare
442 989 478 1030 ae
502 969 681 1048 perturbare
704 969 817 1030 aciem:
845 969 889 1029 ita
908 969 1057 1050 expeditis
1187 1038 1190 1049 ,

164 1049 319 1130 peditibus
332 1050 392 1110 suis
406 1050 504 1110 hostes
518 1070 613 1129 paene
626 1050 722 1110 victos
734 1049 816 1110 dare.
889 1091 898 1098 -
1068 1051 1105 1111 10

207 1130 259 1193 60.
282 1130 398 1191 Eodem
419 1140 552 1210 tempore
571 1129 654 1210 apud
675 1130 799 1191 Zamam
819 1151 930 1209 magna
943 1131 976 1191 vi
996 1151 1057 1192 oer-

163 1210 300 1271 tabatur.
341 1210 406 1272 Ubi
433 1211 558 1290 quisque
585 1211 702 1290 legatus
728 1220 783 1271 aut
806 1211 947 1271 tribunus
973 1231 1058 1272 oura-

164 1291 229 1364 bat,
253 1311 288 1352 eo
315 1311 470 1352 acerrume
497 1292 564 1364 niti,
584 1311 682 1370 neque
708 1291 786 1352 alius
812 1292 845 1351 in
872 1291 934 1351 alio
961 1293 1057 1371 magis

164 1391 259 1450 quam
275 1405 277 1408 ·
294 1372 325 1430 in
359 1391 421 1432 sese
454 1392 538 1451 spem
565 1371 686 1445 habere,
713 1373 887 1452 pariterque
913 1373 1057 1451 oppidani

164 1473 186 1512 a
222 1471 274 1512 re:
296 1471 471 1531 oppugnare
485 1461 539 1512 aut
553 1472 661 1532 parare
675 1452 815 1513 omnibus
829 1452 919 1525 loeis;
933 1453 1052 1514 avidius
1064 1453 1102 1513 15

164 1472 256 1592 ειῇῖῐί
280 1533 390 1592 alteros
413 1533 549 1594 sauciare
572 1553 665 1612 qnam
688 1541 782 1593 semet
805 1534 1057 1613 tegers301amor

165 1613 336 1692 permixtus
360 1612 538 1685 hortatione,
560 1613 687 1685 laetitia,
708 1613 833 1692 gemitu,
854 1614 928 1674 item
952 1615 1055 1693 strepi-

164 1702 216 1754 tus
229 1713 384 1754 armorum
397 1693 438 1753 ad
452 1693 569 1754 eaelum
583 1694 674 1766 ferri;
694 1694 758 1756 tela
778 1695 932 1773 utrimque
944 1695 1055 1755 volare.

165 1773 226 1834 Sed
247 1773 294 1834 illi
314 1775 367 1852 qui
387 1774 505 1834 moenia
526 1773 731 1846 defensabant,
745 1774 799 1835 ubi
818 1775 917 1835 hostes
931 1775 1056 1854 paulum

165 1855 256 1915 modo
277 1875 410 1994 puqnam
431 1855 617 1927 remiserant,
631 1855 740 1915 intenti
758 1855 906 1935 proelium
920 1866 1056 1934 equestre
1066 1858 1104 1916 20

165 1943 324 2014 prospecta
345 1943 416 2007 ant;
430 1955 488 2007 eos,
503 1935 548 1994 uti
582 1955 699 2014 uaeque
712 1935 886 2015 Jugurthae
899 1945 1056 2009 reserant,

166 2015 261 2076 laetos
274 2015 372 2087 modo,
387 2015 475 2076 modo
489 1955 616 2094 pavidos
634 2016 901 2089 animadverteres,
915 2037 952 2078 ao
967 2017 1057 2078 siouti

166 2095 267 2156 audiri
280 2115 299 2154 a
312 2095 373 2156 suis
392 2105 446 2156 aut
460 2096 542 2157 cerni
555 2105 684 2176 possent,
697 2117 818 2158 monere
839 2096 902 2170 alii,
916 2097 968 2157 alii
990 2098 1056 2159 hor·

166 2175 235 2248 tari,
249 2183 305 2235 aut
325 2195 417 2235 manu
438 2176 608 2255 significare
628 2186 682 2237 aut
702 2177 761 2237 niti
781 2178 955 2258 corporibus
972 2188 1002 2239 et
1020 2199 1057 2239 ea

165 2257 227 2318 huo
240 2263 271 2316 et
285 2255 359 2317 illue
370 2257 454 2334 quasi
465 2256 627 2317 vitabundi
638 2268 693 2319 aut
701 2258 848 2336 jacientes
859 2259 921 2319 tela
930 2260 1054 2338 agitare.
1065 2260 1103 2319 25

166 2336 259 2414 Quod
273 2335 327 2396 ubi
341 2335 440 2397 Mario
461 2337 616 2416 cognitum
637 2347 793 2398 est-nam
814 2341 840 2399 is
860 2340 892 2398 in
912 2360 949 2399 ea
968 2350 1055 2419 parte

166 2415 471 2478 curabat-oonsulto
495 2417 591 2478 lenius
615 2438 703 2497 agere
730 2439 767 2480 ao
793 2419 992 2480 diffidentiam
1013 2422 1055 2481 rei

165 2496 326 2569 simulare3
348 2498 412 2576 pati
426 2497 575 2559 Numidas
588 2499 653 2560 sine
666 2499 801 2560 tumultu
815 2500 894 2579 regis
908 2501 1055 2579 proelium

166 2578 270 2638 visere.
313 2576 363 2638 Ita
387 2577 448 2638 illis
474 2578 573 2640 studio
601 2600 723 2640 suorum
751 2580 911 2652 adstrictis,
934 2592 1056 2661 repente

166 2678 278 2752 magna
298 2657 330 2719 vi
351 2678 473 2720 murum
493 2661 686 2739 aggreditur;
707 2670 738 2721 et
754 2662 819 2739 jam
839 2660 928 2722 scalis
947 2663 1055 2741 egressi
1065 2663 1103 2722 30

166 2738 276 2799 milites
300 2759 393 2818 prope
416 2759 534 2800 summa
558 2750 710 2820 ceperant,
730 2763 800 2802 oum
824 2742 967 2820 oppidani
989 2764 1056 2803 eon-

166 2827 303 2892 eurrunt,
318 2819 441 2898 lapides,
456 2821 566 2900 ignem,
580 2822 642 2882 alia
661 2831 815 2900 praeterea
828 2823 891 2882 tela
905 2823 1054 2902 ingerunt.

165 2899 270 2960 Nostri
291 2900 389 2978 primo
409 2901 561 2974 resistere3
583 2902 700 2974 deinde,
721 2901 775 2962 ubi
795 2922 874 2963 unae
898 2912 990 2982 atque
1014 2903 1055 2964 al-

165 2989 247 3040 terae
267 2979 366 3040 scalae
388 2983 596 3055 comminutae,
612 2983 666 3061 qui
685 2992 919 3062 supersteterant
940 2984 1055 3045 adflicti

165 3068 245 3132 sunt,
270 3060 370 3133 oeteri,
399 3082 518 3141 quoquo
546 3063 634 3122 modo
661 3072 793 3142 potuere,
818 3065 907 3142 pauci
936 3063 1100 3144 integri,35

166 3161 277 3220 magua
300 3161 370 3220 pars
393 3142 567 3204 volneribus
595 3143 724 3204 confecti
752 3142 873 3204 abeunt.
915 3143 1055 3222 Denique

168 3221 259 3281 utrim
281 3242 319 3282 ue
333 3223 481 3301 proelium
494 3245 556 3284 nox
570 3224 701 3283 diremit.

206 3302 252 3363 61.
312 3302 419 3364 etellus
446 3313 606 3382 postquam
633 3304 716 3362 videt
750 3303 863 3362 frustra
890 3303 1053 3379 inceptum,

166 3379 263 3462 neque
276 3383 422 3462 oppidum
437 3384 513 3461 oapi,
528 3402 625 3461 neque
639 3381 827 3459 Jugurtham
847 3380 905 3437 nisi
925 3399 964 3438 ex
985 3380 1053 3437 insi-
