2392 3692
115 147 177 211 118
402 160 428 209 c,
447 158 626 210 srnnosrr
646 157 766 209 aarum

161 338 260 397 naque
274 318 444 396 frequentia
457 319 520 397 ejus
531 317 645 378 ordinis
655 316 850 378 Volturcium
862 339 932 380 cum
943 319 1050 399 legatis

161 399 336 471 introducit,
348 398 494 460 Flaccum
506 406 673 477 praetorem
688 398 833 459 scrinium
847 419 917 460 cum
931 399 1049 475 litteris,

161 500 235 560 quas
249 500 268 539 a
281 479 388 557 legatis
402 487 567 557 acceperat,
582 478 687 539 eodem
700 478 820 539 adferre
835 478 931 559 jubet.

203 561 251 623 47.
274 559 452 621 Volturcius
470 560 673 639 interrogatus
693 558 731 620 de
750 559 867 633 itinere,
880 561 919 621 de
932 561 1050 636 litten's,

134 642 309 721 5postremo
321 640 394 719 quid
407 649 462 702 aut
472 660 532 734 qua
546 640 584 700 de
598 660 689 700 causa
699 639 805 700 consili
817 640 979 716 habuisset,
990 644 1050 723 pri-

162 742 210 781 mo
220 721 333 799 fingere
342 720 412 793 alia,
424 720 613 782 dissimulare
623 720 661 780 de
674 720 898 798 conjuratione3
911 732 988 802 post,
997 723 1049 783 nbi

161 802 220 861 fide
234 800 357 880 publica
371 801 471 862 dicere
487 802 589 880 jussus
602 810 656 873 est,
670 800 781 874 omnia,
795 802 841 862 uti
855 813 940 882 gesta
953 813 1050 876 erant,

161 882 267 961 aperit,
288 882 434 959 docetque
453 902 484 942 se
505 881 609 961 paucis
629 889 701 942 ante
721 881 827 944 diebus
839 903 859 943 a
871 881 1008 945 Gabinio
1021 893 1051 945 et

120 996 125 1007 ι
162 962 309 1041 Caepario
329 962 443 1023 socium
464 961 613 1023 adscitum
632 961 709 1021 nihil
726 963 856 1043 amphus
869 965 945 1025 seire
959 985 1050 1044 quam

116 1043 292 1122 lolegatos3
313 1042 523 1103 tantummodo
544 1041 651 1103 audire
670 1042 792 1103 solitum
805 1064 844 1104 ex
858 1043 1001 1118 Gabinio,
1016 1045 1050 1105 P.

161 1123 357 1197 Autronium,
379 1122 441 1183 Ser.
466 1121 594 1195 Sullam,
623 1123 660 1183 L.
682 1122 749 1184 Var
813 1125 916 1198 telum,
941 1126 1052 1186 multos
1169 1187 1172 1210 ς

161 1212 317 1284 praeterea
327 1204 359 1263 in
369 1224 405 1264 ea
416 1203 623 1283 conjuratione
631 1224 701 1265 esse.
805 1224 853 1266 em
861 1203 947 1265 Galli
957 1206 1052 1267 faten-

161 1295 213 1345 tur
233 1305 269 1345 oo
290 1283 456 1344 Lentulum
481 1283 721 1345 dissimulantem
741 1294 911 1365 coarguunt
931 1296 1052 1365 praeter

162 1365 279 1425 litteras
298 1364 494 1437 sermonibua
509 1385 583 1443 quos
596 1364 648 1425 ille
661 1364 774 1426 habere
789 1365 895 1427 solitus
908 1374 992 1440 erat;
1013 1388 1051 1427 ex

115 1448 152 1507 15
162 1445 246 1506 libris
260 1444 418 1523 Sibyllinis
432 1465 559 1523 regnum
581 1446 697 1507 Romae
713 1444 811 1506 tribus
825 1445 973 1508 (brneliis
985 1469 1051 1527 por-

161 1526 262 1597 tendi;
284 1524 414 1585 Cinnam
436 1534 527 1603 atque
547 1525 665 1586 Sullam
686 1534 785 1601 antea,
798 1546 830 1587 se
842 1528 967 1587 tertium
981 1548 1051 1601 esse,

162 1608 211 1668 cui
222 1607 319 1666 fatum
330 1605 408 1665 foret
418 1605 502 1666 urbis
516 1607 624 1685 potiri;
638 1615 796 1686 praeterea
808 1606 848 1667 ab
862 1608 984 1669 incenso
997 1607 1051 1669 Ca-

161 1687 266 1768 pitolio
281 1686 369 1746 illum
384 1706 446 1747 esse
459 1687 639 1765 vigesimum
656 1708 780 1761 annum,
815 1707 884 1748 uem
904 1709 993 1768 saepe
1013 1710 1050 1749 ex

162 1767 308 1848 prodigiis
328 1766 502 1846 haruspices
521 1768 742 1847 respondissent
756 1708 837 1829 bello
851 1768 934 1830 civili
947 1790 1051 1830 cruen-

115 1851 153 1911 20
162 1858 228 1909 tum
243 1848 314 1908 fore.
357 1847 457 1927 Igitur
470 1848 610 1927 perlectis
624 1848 741 1921 litteris,
756 1869 824 1909 cum
846 1850 930 1928 prius
949 1871 1049 1911 omnes

162 1931 249 2008 signa
262 1948 317 1988 sua
331 1929 547 2009 cognovissent,
561 1937 683 1989 senatus
697 1929 840 2002 decernit,
852 1930 898 1990 uti
910 1929 1050 1991 abdicato

162 2010 341 2088 magistratu
363 2009 521 2082 Lentulus,
536 2009 669 2088 itemque
683 2009 775 2070 ceteri
788 2010 819 2069 in
834 2009 937 2071 liberis
956 2020 1050 2072 custo

162 2091 220 2151 diis
229 2090 408 2151 habeantur.
451 2088 559 2169 Itaque
568 2089 719 2150 Lentulus
727 2090 762 2150 P.
772 2089 904 2151 Leutulo
912 2091 1050 2170 Spinthe

162 2172 197 2243 ri,
209 2171 262 2251 qui
275 2179 342 2231 tum
355 2171 460 2231 aedilis
474 2179 549 2243 erat,
560 2170 712 2249 Cethegus
727 2170 765 2247 Q.
780 2169 950 2244 Comificio‚
960 2170 1050 2232 Stati·

114 2254 153 2314 25
163 2252 221 2312 lius
245 2252 278 2313 C.
303 2251 434 2325 Caesari,
459 2250 610 2311 Gabinius
637 2249 681 2310 M.
706 2249 822 2324 Crasso,
847 2250 1050 2331 Caeparius-

163 2354 235 2392 nam
257 2334 281 2392 is
302 2333 393 2412 paulo
413 2341 484 2392 ante
505 2352 543 2392 ex
564 2331 639 2409 fuga
659 2340 807 2392 retractus
820 2332 983 2393 erat-Cn.
998 2332 1049 2393 Te

163 2414 259 2474 rentio
273 2414 403 2473 senatori
415 2413 588 2473 traduntur.

203 2495 252 2556 48.
280 2494 403 2554 Interea
432 2493 516 2572 plebs
552 2493 758 2572 conjuratione
785 2492 947 2571 patefacta,
974 2514 1050 2573 quae

162 2575 260 2656 primo
281 2574 391 2653 cupida
412 2594 513 2633 rerum
533 2593 682 2635 novarum
702 2572 792 2633 nimis
815 2572 897 2634 bello
917 2574 1050 2647 favebat,

114 2658 153 2718 30
163 2665 280 2716 mutata
304 2664 403 2715 mente
427 2654 577 2715 Catilinae
602 2653 727 2715 consilia
750 2654 910 2726 exsecrari,
935 2654 1050 2716 Cicero

162 2758 232 2797 nem
256 2736 294 2796 ad
319 2735 435 2796 caelum
461 2734 583 2805 tollere;
606 2733 702 2795 veluti
722 2755 761 2795 ex
781 2734 928 2795 servitute
947 2746 1050 2815 erepta

162 2817 307 2897 gaudium
335 2824 426 2893 atque
454 2815 602 2875 laetitiam
632 2814 778 2894 agitabat.
820 2813 962 2894 Namque
989 2816 1050 2876 alia

163 2897 238 2958 belli
251 2896 386 2957 facinora
399 2896 530 2975 praedae
551 2896 646 2973 magis
667 2915 759 2974 quam
778 2895 959 2956 detrimento
978 2896 1049 2968 fore,

162 2977 335 3039 incendium
349 2996 421 3037 vero
436 2976 566 3048 crudele,
580 2976 812 3036 immoderatum
833 2996 869 3036 ae
889 2975 947 3035 sibi
967 2997 1050 3037 max·

114 3060 152 3119 35
162 3079 231 3119 urne
246 3056 452 3118 calamitosum
471 3056 610 3135 putabat,
624 3056 735 3135 qnippe
756 3056 805 3117 cui
825 3076 927 3117 omnes
947 3058 1050 3135 copiae

162 3140 194 3198 in
221 3158 277 3198 usu
306 3138 481 3214 quotidiano
508 3145 538 3196 et
565 3135 651 3197 cultu
679 3136 810 3214 corporis
840 3145 935 3198 erant.
978 3138 1049 3198 Post

162 3238 232 3276 eum
256 3216 335 3275 diem
359 3216 483 3293 quidam
507 3215 543 3274 L.
569 3215 754 3293 Tarquinius
778 3216 816 3275 ad
841 3226 980 3276 senatum
1000 3218 1049 3277 ad-

163 3296 270 3354 ductus
295 3302 368 3364 erat,
393 3314 481 3369 quem
506 3294 545 3352 ad
569 3293 733 3353 Catilinam
754 3296 991 3373 proticiscentem
1011 3318 1050 3358 ex

162 3373 269 3433 itinere
288 3380 453 3433 retractum
474 3371 604 3431 aiebant.
646 3372 686 3444 Is,
700 3393 770 3432 cum
789 3394 821 3435 se
841 3375 955 3437 diceret
973 3377 1049 3437 indi-
