2392 3692
325 140 380 190 nr
404 139 689 191 corrursrronn
710 140 915 191 csrrnrvsn.
969 124 974 129 '
1025 125 1088 189 12⁹

149 318 301 359 carcerem
328 297 459 359 deducit
502 298 588 359 Idem
612 298 648 359 fit
673 298 778 360 ceteris
802 319 857 377 per
879 305 1040 377 praetores.

148 380 206 439 Est
220 380 252 439 in
266 398 386 439 carcere
400 378 491 451 locus,
506 379 586 457 quod
601 378 777 439 Tullianum
791 378 973 457 appellatur,
986 376 1042 437 ubi

148 458 310 539 paululum
331 458 522 519 adscenderis
542 459 582 519 ad
603 459 732 530 laevam,
746 458 866 520 circiter
882 458 1041 519 duodecim

147 540 239 619 pedes
259 539 345 599 humi
366 538 529 617 depressus.
571 538 654 599 Eum
674 539 817 600 muniunt
836 538 970 617 undique
990 559 1041 617 pa-

147 620 238 681 rietes
275 628 366 699 atque
403 618 527 698 insuper
561 638 682 680 camera
715 619 842 699 lapideis
875 618 1041 680 fornicibus
1069 620 1088 679 5

148 700 268 779 juncta,
282 700 334 761 sed
355 699 482 773 incultu,
496 699 638 772 tenebris,
652 700 743 761 odore
763 700 851 761 foeda
871 707 963 777 atque
982 707 1040 759 ter·

147 778 246 841 ribilis
272 780 337 860 ejus
363 779 454 842 facies
482 789 534 841 est.
591 780 630 840 In
658 800 727 841 eum
754 780 855 841 locum
881 789 1040 918 postquam

146 860 292 921 demissus
316 869 360 921 est
384 860 542 933 Lentulus,
561 861 697 922 vindices
723 880 825 921 rernm
852 859 953 939 capita
966 861 1039 931 ium,

147 940 258 1019 quibus
272 950 466 1021 praeceptum
480 950 554 1015 erat,
570 941 678 1020 laqueo
697 940 803 1020 gulam
823 940 946 1019 fregere.
988 939 1040 1000 Ita

146 1020 200 1081 ille
220 1021 365 1100 patricius
385 1042 423 1083 ex
444 1031 533 1102 gente
555 1022 732 1083 clarissuma
751 1020 969 1093 Corneliorum,
986 1020 1088 1099 qui10

147 1100 306 1162 consulare
319 1102 479 1181 imperium
500 1102 617 1163 Romae
636 1100 795 1174 habuerat,
810 1101 936 1181 dignum
951 1102 1039 1161 mori-

146 1182 205 1241 bus
232 1182 377 1277 factisque
404 1183 465 1244 suis
491 1184 620 1243 exitium
641 1183 724 1243 vitae
746 1182 872 1242 invenit.
913 1181 962 1241 Dc
986 1181 1039 1241 (le

146 1262 248 1341 thego,
261 1261 392 1336 Statilio,
406 1261 548 1337 Gabinio,
563 1263 722 1343 Caepario
736 1262 842 1323 codam
862 1262 951 1323 modo
970 1282 1039 1341 sup-

146 1342 273 1421 plicium
287 1352 441 1423 sumptum
454 1352 507 1405 est.

187 1422 237 1485 56.
259 1422 343 1483 Dum
364 1443 400 1484 ea
420 1423 535 1485 Romae
555 1433 712 1504 geruntur,
733 1422 869 1484 Catilina
891 1444 930 1484 ex
955 1424 1038 1483 omni
1048 1425 1086 1484 15

146 1503 244 1582 copia,
258 1523 350 1582 quam
363 1513 393 1565 et
407 1504 469 1583 ipse
483 1505 656 1566 adduxerat
676 1513 707 1565 et
727 1503 864 1565 Manlius
879 1504 1038 1577 habuerat,

146 1584 223 1643 duas
238 1584 367 1663 legiones
383 1584 523 1657 instituit,
539 1585 677 1646 cohortes
690 1606 746 1665 pro
759 1604 886 1662 numero
906 1583 1038 1644 militum

147 1663 295 1742 complet;
329 1664 446 1737 deinde,
475 1673 509 1725 nt
538 1666 664 1745 quisque
691 1665 884 1726 voluntarius
917 1672 972 1725 aut
998 1685 1038 1724 ex

146 1744 235 1805 sociis
259 1744 292 1803 in
316 1753 415 1805 castra
436 1754 569 1818 venerat,
591 1745 759 1826 aequaliter
778 1744 984 1817 distribuerat,
1002 1766 1039 1806 ac

147 1824 234 1885 brevi
255 1825 352 1903 spatio
373 1824 503 1905 legiones
524 1846 650 1887 numero
670 1826 828 1887 hominum
850 1825 1087 1905 expleverat20

148 1924 218 1965 cum
242 1904 329 1965 initio
353 1926 413 1967 non
438 1906 567 1985 amplius
588 1906 706 1967 duobus
729 1905 853 1967 milibus
874 1906 1036 1967 habuisset.

146 1984 207 2045 Sed
227 2005 266 2045 ex
287 1986 369 2045 omni
391 1986 476 2065 copia
496 1986 617 2049 circiter
636 2008 707 2067 pars
726 1996 837 2067 quarta
849 1996 915 2047 erat
929 1987 1038 2048 milita·

147 2065 232 2126 ribus
258 2066 350 2127 armis
377 2065 542 2139 instructa;
577 2068 677 2140 ceteri,
705 2076 740 2127 ut
770 2088 919 2148 quemque
953 2088 1039 2129 casus

147 2154 328 2219 armaverat,
342 2166 445 2225 sparos
465 2155 520 2207 aut
540 2147 669 2220 lanceas,
683 2147 737 2207 alii
758 2157 936 2227 praeacutas
949 2150 1038 2209 sudes

147 2227 319 2306 portabant.
361 2226 421 2287 Sed
444 2236 605 2321 postquam
628 2227 782 2289 Antonius
806 2249 875 2289 cum
898 2230 1034 2290 exercitu
1046 2231 1085 2290 25

147 2306 342 2380 adventabat,
363 2306 498 2369 Gatihna
559 2329 575 2367 r
598 2317 714 2369 montes
737 2309 795 2369 iter
816 2309 924 2383 faeere,
948 2312 1037 2371 modo

147 2388 187 2447 ad
208 2386 323 2461 urbem,
343 2388 432 2448 modo
453 2388 485 2448 in
536 2388 641 2449 alliam
662 2408 767 2449 vorsus
787 2399 887 2450 castra
906 2412 1036 2465 movere,

147 2467 284 2529 hostibus
304 2468 489 2529 occasionem
513 2469 670 2562 pugnandi
693 2489 754 2529 non
778 2470 869 2543 dare;
893 2472 1037 2550 sperabat

147 2548 320 2629 propediem
348 2568 473 2629 magnas
500 2568 601 2628 copias
629 2570 691 2610 sese
718 2549 904 2625 habiturum,
925 2553 950 2613 si
978 2553 1037 2613 Ro

148 2649 215 2689 mae
241 2628 314 2690 socii
342 2629 463 2708 incepta
496 2631 704 2708 patravissent.
760 2630 881 2691 Interea
914 2634 1087 2694 servitia30

149 2707 337 2788 repudiabat,
352 2710 437 2849 cuque
457 2710 544 2770 initio
565 2710 604 2770 ad
624 2731 694 2770 eum
708 2731 836 2791 magnae
850 2713 954 2791 copiae
969 2734 1037 2774 con-

147 2787 319 2862 currebant,
333 2789 383 2869 opi
405 2810 439 2851 ua
454 2791 669 2869 conjurationis
681 2790 785 2864 fretus,
798 2792 890 2853 simul
903 2794 1037 2853 alienum

147 2870 207 2930 auis
217 2868 385 2931 rationibus
395 2870 591 2944 existumans,
602 2872 699 2932 videri
709 2892 831 2932 causam
843 2873 955 2935 civium
967 2894 1036 2935 cum

147 2950 240 3011 servis
254 2949 392 3030 fugitivis
406 2951 679 3012 communicavisse.

186 3030 234 3093 67.
269 3029 328 3091 Sed
355 3040 513 3124 postquam
547 3032 579 3091 in
614 3041 713 3093 castra
747 3033 872 3094 nuntius
899 3036 1038 3113 pervenit
1046 3036 1085 3094 35

148 3111 264 3171 Romae
291 3111 528 3191 conjurationem
555 3112 749 3190 patefactam,
777 3114 816 3174 de
846 3113 979 3175 Lentulo
1006 3124 1036 3175 et

147 3190 282 3270 Cethego
309 3192 481 3270 ceterisque,
506 3212 579 3270 quos
606 3213 700 3272 supra
726 3195 900 3267 memoravi,
925 3195 1037 3274 suppli-

148 3272 228 3331 cium
242 3280 414 3351 sumptum;
435 3271 580 3351 plerique,
595 3293 670 3349 quos
683 3272 723 3331 ad
737 3272 851 3331 bellum
871 3294 938 3350 spes
958 3276 1036 3351 rapi·

147 3371 256 3411 narum
277 3360 330 3412 aut
351 3372 498 3411 novarum
521 3372 623 3411 rerum
643 3350 778 3409 studium
799 3350 948 3417 illexerat,
962 3351 1037 3407 dila-

257 3446 372 3533 9·S²¹·,
