2392 3692
102 109 144 171 30
389 121 413 172 0.
434 121 616 173 senadors
637 122 760 174 calar!

149 281 354 343 defensoribus
381 282 533 342 moenium
552 283 689 422 praemia
710 282 807 355 modo,
829 282 917 343 modo
938 282 1040 342 formi-

149 364 251 425 dinem
278 370 437 436 ostentare,
457 383 525 423 suos
575 362 703 423 ortando
732 363 772 423 ad
792 363 938 424 virtutem
960 365 1041 424 arri·

149 464 228 524 gere,
256 463 378 522 prorsus
408 443 541 503 intentus
569 453 680 504 cuncta
706 463 823 523 parare
878 442 1040 504 Adherbal

149 525 202 587 uhi
217 523 367 603 intellegit
388 544 489 584 omnes
509 543 578 584 suas
598 523 736 584 fortunas
754 525 787 583 in
805 531 942 585 extremo
954 525 1038 597 sitas,

122 606 265 665 bhostem
279 605 430 676 infestum,
445 604 542 664 auxili
555 623 639 682 spem
653 603 780 677 nullam,
794 605 922 683 penuria
935 625 1039 665 rerum

148 685 382 746 necessariarum
397 683 512 745 bellum
526 705 587 744 non
601 683 684 744 trahi
697 704 838 763 posse,ex
848 686 899 758 eis,
909 685 962 764 qui
975 705 1040 746 una

149 765 265 826 Cirtam
279 765 485 844 profugerant,
500 765 574 825 duos
591 785 735 825 maxume
753 765 897 845 impigros
915 765 1038 846 delegit.

148 846 209 907 Eos
236 845 334 907 multa
360 845 532 925 pollicendo
559 865 595 905 ao
622 845 792 906 miserando
819 867 922 907 casum
948 867 1038 906 suum

148 926 315 999 confirmat,
343 926 388 986 uti
416 946 470 1004 per
497 925 630 986 hostium
657 926 839 987 munitiones
871 935 963 987 noctu
996 928 1038 986 ad

104 1008 139 1068 10
147 1027 332 1087 proxumum
346 1026 438 1079 mare,
448 1006 517 1066 dein
529 1005 659 1067 Romam
673 1015 841 1086 pergerent.
883 1005 1038 1067 Numidae

148 1088 253 1166 paucis
273 1085 378 1147 diebus
401 1087 486 1165 jussa
512 1086 655 1148 efficiunt.
697 1088 832 1148 Litterae
852 1086 1038 1148 Adherbalis

147 1169 179 1228 in
193 1175 298 1227 senatu
313 1167 466 1240 recitatae,
480 1187 610 1245 quarum
623 1168 772 1229 sententia
786 1168 862 1228 haec
875 1168 950 1228 fuit:

188 1248 237 1310 24.
260 1246 356 1308 “Non
379 1267 446 1308 mea
466 1247 557 1327 culpa
576 1268 665 1328 saepe
679 1249 718 1308 ad
732 1269 785 1309 vos
806 1257 925 1309 oratum
939 1248 1037 1322 mitto,

148 1337 249 1408 patres
273 1328 444 1406 conscripti,
464 1328 516 1389 sed
537 1329 583 1390 vis
603 1329 777 1409 iugurthae
803 1328 925 1408 subigit,
947 1349 1037 1409 quem

102 1412 235 1471 lbtanta
255 1407 361 1468 lubido
382 1408 594 1488 exstinguendi
616 1431 664 1470 me
683 1410 804 1483 invasit,
818 1417 853 1469 ut
873 1430 971 1488 neque
985 1430 1038 1471 vos

149 1510 245 1567 neque
260 1489 329 1549 deos
347 1488 531 1550 immortales
551 1490 583 1552 in
604 1491 705 1550 animo
725 1490 1038 1570 habeat,sanguinem

148 1591 248 1630 meum
275 1589 367 1649 quam
395 1569 496 1631 omnia
523 1569 619 1631 malit.
671 1571 780 1650 Itaque
807 1571 947 1650 quintum
970 1571 1037 1650 jam

148 1671 279 1711 mensem
299 1651 395 1712 socius
416 1659 446 1712 et
466 1651 580 1710 amicus
601 1651 707 1730 populi
725 1651 857 1711 Romani
877 1652 969 1712 armis
987 1650 1037 1711 ob-

147 1752 243 1793 sessus
261 1741 373 1804 teneor,
386 1751 484 1810 neque
498 1732 573 1791 mihi
587 1731 663 1792 Mici
755 1732 850 1811 patris
870 1732 930 1792 mei
949 1730 1038 1792 bene·

101 1815 139 1876 20
149 1813 218 1874 ficia
231 1832 328 1892 neque
338 1821 441 1874 vostra
455 1812 575 1872 decreta
589 1752 794 1872 auxilibiitur:
809 1812 889 1874 ferro
903 1832 944 1872 an
956 1812 1037 1873 fame

148 1894 247 1955 acrius
275 1913 385 1972 urgear
412 1893 543 1954 incertus
569 1913 645 1953 sum.
693 1892 789 1953 Plura
816 1892 853 1953 de
880 1893 1038 1972 Jugurtha

148 1974 278 2035 scribere
298 1973 476 2034 dehortatur
496 1994 545 2033 me
565 1974 688 2033 fortuna
708 1993 783 2034 mea
825 1972 929 2036 Etiam
946 1983 1037 2034 antea

148 2063 291 2133 expertus
311 2074 378 2113 sum
399 2074 508 2133 parum
522 2054 592 2114 fidei
607 2054 721 2114 miseris
741 2074 811 2115 esse.
853 2053 921 2114 Nisi
934 2063 1036 2114 tamen

149 2134 291 2214 intellego
310 2133 398 2193 illum
423 2154 515 2214 supra
539 2155 630 2213 quam
651 2155 706 2214 ego
725 2155 792 2195 sum
813 2144 922 2214 petere,
939 2154 1037 2212 neque

101 2218 139 2277 25
148 2215 237 2276 simul
252 2214 417 2276 amicitiam
431 2223 564 2275 vostram
585 2224 616 2275 et
637 2236 764 2294 regnum
785 2236 886 2276 meum
906 2235 1035 2294 sperare.

148 2295 261 2357 Utrum
296 2295 419 2374 gravius
453 2295 623 2368 existumet,
650 2295 764 2356 nemini
797 2295 949 2356 occultum
983 2304 1036 2355 est.

148 2376 230 2437 Nam
239 2375 325 2436 initio
336 2375 446 2437 occidit
455 2374 663 2455 Hiempsalem
674 2376 798 2436 fratrem
810 2397 919 2449 meum,
928 2376 1037 2436 deinde

148 2457 248 2537 patrio
266 2476 358 2536 regno
372 2477 420 2517 me
433 2455 570 2535 expulit:
592 2477 670 2536 quae
690 2478 762 2518 sane
782 2456 897 2517 fuerint
916 2465 1037 2516 nostrae

148 2538 285 2617 injuriae,
304 2537 382 2597 nihil
402 2536 441 2597 ad
462 2557 523 2597 vos.
565 2537 684 2597 Verum
707 2559 790 2600 nunc
811 2546 948 2599 vostrum
971 2557 1037 2615 reg-

101 2621 140 2680 30
148 2639 222 2678 num
245 2618 336 2678 armis
360 2626 450 2691 tenet,
472 2638 528 2690 me,
551 2639 641 2696 quem
661 2639 715 2679 vos
737 2619 947 2698 imperatorem
972 2616 1037 2677 Nu-

148 2698 237 2759 midis
263 2698 411 2779 posuistis,
434 2698 568 2759 clausum
590 2697 722 2759 obsidet:
751 2699 920 2778 legatorum
940 2697 1036 2759 verba

148 2779 255 2859 quanti
269 2778 395 2850 ,fecerit
416 2778 551 2873 pericula
579 2799 646 2839 mea
673 2778 837 2840 declarant.
880 2777 964 2856 Quid
992 2787 1037 2838 est

148 2860 307 2940 reliquum,
321 2860 379 2920 nisi
395 2880 441 2920 vrs
460 2868 571 2932 vostra,
585 2880 647 2938 qua
667 2860 781 2921 moveri
802 2860 914 2939 possit?
954 2858 1036 2918 Nam

148 2961 203 3020 ego
216 2940 337 3019 quidem
352 2940 462 3002 vellem
475 2949 506 3001 et
519 2939 603 3013 haec,
618 2960 696 3019 quae
715 2940 822 3013 scribo,
836 2947 867 3000 et
880 2939 944 3013 illa,
958 2960 1037 3018 quae

101 3022 238 3083 35antea
264 3021 297 3082 in
323 3031 430 3082 senatu
454 3028 575 3100 questus
600 3041 676 3092 sum,
703 3041 784 3082 vana
811 3020 910 3080 forent
937 3020 1037 3100 potius

147 3123 239 3182 quam
263 3101 382 3162 miseria
406 3121 473 3162 mea
496 3101 587 3162 fidem
604 3101 705 3162 verbis
724 3102 844 3162 faceret.
886 3100 945 3160 Sed
966 3121 1036 3179 quo

147 3183 229 3242 niam
250 3201 285 3242 eo
305 3190 395 3242 natus
414 3202 491 3252 sum,
505 3189 540 3240 ut
554 3180 728 3259 Jugurthae
745 3180 891 3241 scelerum
906 3182 1037 3241 ostentui

147 3282 250 3333 essem,
272 3281 333 3321 non
356 3263 422 3339 jam
445 3270 572 3320 mortem
595 3280 693 3338 neque
716 3281 884 3331 aerumnas,
905 3268 1037 3321 tantum-

147 3341 235 3401 modo
247 3341 361 3400 inimici
371 3340 531 3418 imperium
542 3347 572 3399 et
581 3341 732 3400 cruciatus
744 3341 874 3419 corporis
884 3341 1035 3419 deprecor.

1166 935 1172 1185 t

1170 1228 1174 1459 l
