2392 3692
389 159 442 208 nn
462 158 582 208 sarno
604 158 848 209 susurrasse.
1044 139 1086 208 73

146 314 211 389 bus,
232 336 287 376 nos
312 315 434 376 illorum
459 316 591 377 aemulos
616 316 790 388 contemnit,
810 324 841 376 et
863 336 966 376 omnes
989 315 1039 375 ho-

145 417 233 457 nores
253 416 315 456 non
337 417 375 456 ex
396 397 514 470 merito,
528 397 580 457 sed
594 396 680 475 quasi
694 395 810 456 debitos
824 415 843 456 a
856 395 943 457 vobis
957 415 1039 474 repe

145 478 191 538 tit.
234 476 377 538 Ceterum
401 477 537 538 homines
560 475 775 556 superbissumi
799 475 905 554 procul
926 486 1036 536 errant.

145 558 278 637 Majores
299 578 403 618 eorum
424 557 534 629 omnia,
555 577 634 635 quae
657 555 778 629 licebat,
800 556 860 616 illis
880 556 1036 635 reliquere,

144 638 277 710 divitias,
291 638 444 716 imagines,
460 637 636 697 memoriam
652 637 699 697 sui
716 637 923 716 praeclaram
943 636 1038 699 virtu·
1066 637 1085 696 5

144 729 206 778 tem
231 740 293 779 non
316 718 473 798 reliquere,
495 737 592 796 neque
616 726 773 797 poterant:
794 736 831 776 ea
853 717 918 777 sola
937 736 1036 794 neque

143 799 237 859 datur
261 801 341 860 dono
364 818 461 877 neque
485 797 643 877 accipitur.
684 795 848 857 Sordidum
869 817 917 856 me
940 805 970 856 et
993 797 1037 856 in·

144 879 236 940 cultis
264 879 396 940 moribus
424 879 519 950 aiunt,
541 878 614 957 quia
637 898 746 956 parum
769 878 843 938 scite
863 876 1036 938 convivium

143 981 268 1032 exorno,
283 981 380 1039 neque
400 960 576 1021 histrionem
597 957 706 1030 ullum,
725 977 822 1036 neque
842 957 938 1036 pluris
958 958 1036 1035 preti

144 1061 251 1102 cocum
272 1060 364 1118 quam
377 1041 503 1102 vilicum
524 1037 630 1099 habeo.
673 1037 762 1114 Quae
778 1037 854 1097 mihi
870 1036 955 1097 lubet
968 1057 1036 1098 con·
1046 1039 1084 1099 10

143 1121 233 1193 fiteri,
255 1120 399 1197 Quirites.
440 1120 522 1181 Nam
549 1140 589 1180 ex
616 1127 743 1198 parente
770 1125 887 1178 meoet
906 1137 946 1178 ex
969 1117 1037 1178 aliis

142 1201 256 1262 sanctis
271 1201 343 1261 viris
363 1201 407 1262 ita
427 1200 546 1281 accepi:
568 1198 734 1260 munditias
755 1197 940 1271 mulieribus,
956 1197 1036 1258 labo

142 1303 209 1342 rem
222 1281 297 1342 viris
317 1283 485 1353 convenire,
501 1281 700 1360 omnibusque
713 1279 800 1339 bonis
818 1286 955 1357 oportere
968 1278 1037 1357 plus

165 1361 260 1422 loriae
279 1382 371 1441 quam
389 1361 566 1422 divitiarum
586 1381 664 1433 esse;
685 1379 780 1432 arma,
794 1379 855 1419 non
868 1357 1035 1437 supellecti·

142 1384 205 1502 lem
219 1443 321 1502 decori
334 1463 404 1502 esse.
446 1441 532 1518 Quin
545 1461 625 1520 ergo,
636 1440 717 1520 quod
727 1441 828 1519 juvat,
839 1439 920 1518 quod
931 1459 1035 1500 carum
1046 1440 1084 1500 15

143 1531 326 1595 aestumant,
347 1522 378 1583 id
402 1541 519 1601 semper
542 1521 674 1593 faciant3
702 1528 814 1592 ament,
835 1528 957 1599 potent;
982 1519 1035 1579 ubi

144 1602 382 1663 adulescentiam
409 1601 554 1674 habuere,
580 1601 623 1661 ibi
655 1608 841 1661 senectutem
873 1607 975 1678 agant,
1003 1600 1036 1659 in

144 1683 303 1755 conviviis,
324 1683 418 1743 dediti
438 1682 539 1744 ventri
559 1691 589 1743 et
609 1681 810 1761 turpissumae
833 1681 914 1758 parti
935 1701 1035 1758 corpo

144 1765 195 1824 ris.
246 1762 401 1835 Sudorem,
429 1762 585 1842 pulverem
613 1770 644 1822 et
670 1760 732 1821 alia
758 1760 835 1821 talia
862 1760 1036 1838 relinquant

145 1843 241 1917 nobis,
263 1842 372 1922 quibus
395 1843 451 1904 illa
474 1842 570 1922 epulis
590 1841 774 1922 jucundiora
796 1849 876 1901 sunt.
918 1839 1036 1900 Verum
1045 1841 1083 1901 20

145 1946 207 1986 non
228 1924 273 1984 ita
293 1933 344 1984 est.
387 1923 469 1984 Nam
483 1921 538 1982 ubi
550 1943 581 1983 se
595 1922 718 2002 flagitiis
736 1921 954 1983 dedecoravere
974 1930 1036 1981 tur-

145 2005 271 2084 pissumi
291 2004 359 2077 viri,
381 2003 529 2065 bonorum
549 2003 684 2083 praemia
704 2010 840 2080 ereptum
862 2010 944 2062 eunt.
986 2001 1036 2062 Ita

146 2085 348 2164 injustissume
376 2083 500 2144 luxuria
534 2092 564 2144 et
596 2082 729 2162 ignavia,
758 2103 912 2161 pessumae
947 2092 1035 2156 artes,

145 2166 214 2239 illis,
240 2165 294 2244 qui
321 2165 440 2226 coluere
468 2185 526 2236 eas,
551 2163 629 2223 nihil
656 2161 801 2234 officiunt,
825 2163 869 2223 rei
896 2163 1036 2242 publicae

145 2246 289 2306 innoxiae
309 2244 389 2305 cladi
410 2253 489 2305 sunt.
531 2243 623 2304 Nunc
641 2243 784 2321 quoniam
803 2242 872 2317 illis,
887 2245 1083 2323 quantum25

145 2327 205 2386 mei
219 2345 324 2398 mores,
338 2345 399 2384 non
419 2324 543 2385 illorum
563 2323 681 2403 flagitia
700 2323 872 2403 poscebant,
887 2325 1035 2403 respondi,

167 2427 245 2468 auca
269 2406 306 2466 de
325 2426 363 2476 re
383 2404 506 2484 publica
526 2403 642 2484 loquar.
684 2403 823 2464 Primum
843 2406 979 2465 omnium
999 2406 1037 2465 de

145 2428 294 2547 llumidia
321 2485 434 2546 bonum
462 2484 571 2545 habete
597 2485 742 2558 animum,
768 2484 912 2561 Quirites.
954 2485 1036 2545 Nam

133 2572 223 2647 'quae
244 2567 283 2626 ad
305 2566 362 2627 hoc
383 2574 501 2644 tempus
515 2565 536 2626 J
538 2565 704 2644 ugurtham
720 2573 822 2625 tutata
841 2576 921 2639 sunt,
936 2567 1037 2626 omnia

146 2647 323 2719 removistis,
345 2645 514 2719 avaritiam,
535 2645 718 2724 imperitiam
743 2655 835 2725 atque
854 2646 1083 2726 superbiam.30
1174 2684 1175 2701 1

147 2727 266 2787 Deinde
285 2727 436 2787 exercitus
456 2724 499 2786 ibi
519 2735 563 2786 est
583 2727 719 2787 locorum
738 2727 843 2800 sciens,
856 2727 908 2787 sed
923 2728 1036 2788 meher·
1174 2736 1175 2755 ,

147 2807 214 2868 aule
233 2807 328 2886 magis
348 2815 488 2867 strenuus
502 2828 593 2886 quam
607 2807 691 2867 felix.
733 2806 814 2867 Nam
836 2828 946 2886 magna
966 2829 1037 2886 pars

146 2889 209 2966 ejus
244 2886 374 2948 avaritia
408 2895 462 2946 aut
495 2887 664 2947 temeritate
698 2887 811 2949 ducum
844 2889 951 2949 attrita
983 2898 1036 2948 est.

147 2967 354 3044 Quamobrem
381 2987 442 3039 vos,
465 2966 573 3046 quibus
602 2967 742 3028 militaris
768 2976 852 3029 aetas
878 2977 932 3042 est,
953 2969 1037 3029 adni-

147 3049 246 3108 timini
281 3067 398 3108 mecum
426 3055 456 3107 et
483 3048 629 3126 capessite
656 3068 720 3108 rem
747 3047 912 3127 publicam,
939 3047 1082 3128 neque35

146 3148 329 3207 quemquam
349 3147 388 3188 ex
409 3127 582 3188 calamitate
597 3127 726 3187 aliorum
745 3137 799 3188 aut
820 3128 1036 3208 imperatorum

146 3207 287 3288 superbia
305 3215 402 3268 metus
421 3208 542 3288 ceperit.
585 3207 716 3286 Egomet
736 3207 768 3266 in
789 3209 910 3287 agmine
929 3218 983 3270 aut
1004 3211 1035 3269 in

145 3287 432 3368 proelioveonsultor
452 3289 532 3348 idem
556 3296 586 3347 et
610 3287 707 3347 socius
730 3288 859 3364 periculi
881 3289 1036 3349 vobiscum

146 3369 247 3441 adero,
261 3387 368 3448 meque
381 3388 494 3446 vosque
507 3368 540 3425 in
553 3365 693 3425 omnibus
706 3364 801 3437 ‚rebus
816 3365 911 3440 juxta
922 3385 1034 3443 geram.
