2392 3692
100 119 141 182 38
388 134 413 182 o.
433 133 612 183 sranosrr
633 131 753 182 carsrr

147 291 192 352 At
206 291 239 351 Ο.
256 291 425 364 Memmius,
441 291 590 351 advocata
610 291 760 384 concione,
774 310 959 384 quamquam
973 292 1038 370 regi

147 373 255 433 infesta
265 371 378 466 ‚plebes
398 380 463 432 erat
484 379 514 432 et
534 392 605 450 pars
625 373 657 431 in
670 371 796 433 vmcula
814 371 885 431 duci
899 370 1037 450 Jubebat,

148 473 226 533 pars,
241 453 299 512 nrsi
319 452 412 514 socios
432 451 550 514 sceleris
570 453 617 512 sui
637 451 778 531 aperiret,
792 471 874 511 more
888 452 1038 532 majorum

147 535 185 594 de
199 533 284 593 hoste
297 533 480 612 supplicium
500 533 586 606 sumi,
602 532 745 611 dignitati
759 552 851 611 quam
865 532 929 592 irae
941 533 1039 612 magis

120 613 313 686 bconsulens
335 614 439 673 sedare
463 621 561 673 motus
586 621 617 673 et
641 612 757 673 animos
781 632 886 673 eorum
909 612 1037 687 mollire,

147 702 297 776 postremo
319 693 505 767 confirmare,
519 693 610 754 fidem
631 692 786 772 publicam
800 713 929 772 peraeae
943 693 1038 755 invio

147 776 242 836 latam
271 775 342 834 fore.
396 774 477 847 Post,
503 773 555 834 ubi
579 773 733 834 silentium
758 774 865 853 coepit,
890 774 1038 853 producto

147 856 169 918 J
170 855 304 935 ugurtha
318 854 412 916 verba
425 855 515 916 facit:
538 854 654 915 Romae
667 853 889 933 Numidiaeque
903 855 1039 916 facinora

147 937 210 1017 ejus
224 945 380 1007 memorat,
395 935 507 996 scelera
521 936 553 994 in
568 944 685 1014 patrem
700 936 868 1014 fratresque
889 936 1037 1008 ostendit;

102 1016 256 1098 quuibus
287 1015 469 1096 juvantibus
503 1015 672 1095 quibusque
706 1016 851 1077 ministris
878 1036 915 1076 ea
942 1016 1038 1095 egerit

148 1117 333 1177 quamquam
347 1095 504 1176 intellegat
503 1096 648 1236 Lpopulus
663 1096 827 1169 Romanus,
842 1105 945 1157 tamen
958 1096 1038 1158 velle

147 1178 307 1238 manifesta
328 1177 423 1256 magis
444 1197 482 1236 ex
505 1176 556 1237 'lo
577 1177 697 1238 habere.
738 1176 771 1237 Si
785 1197 893 1239 verum
912 1198 931 1236 a
987 1178 1037 1251 'at,

147 1260 179 1318 in
192 1259 252 1318 fide
265 1266 295 1318 et
310 1257 469 1318 clementia
483 1256 588 1337 populi
602 1257 734 1318 Romani
744 1278 887 1352 magnam
897 1278 980 1337 spem
991 1258 1038 1318 illi

147 1340 254 1410 sitam;
281 1338 328 1398 sin
355 1338 487 1410 reticeat,
515 1359 577 1398 non
604 1339 690 1399 sociis
716 1338 808 1399 saluti
835 1338 907 1410 fore,
927 1339 980 1399 sed
1006 1359 1038 1400 se

102 1421 138 1479 15
147 1439 275 1498 suasque
288 1439 354 1498 spes
369 1427 589 1498 corrupturum.

190 1501 238 1562 34.
261 1499 389 1572 Deinde,
403 1499 457 1560 ubi
478 1499 641 1560 Memmius
661 1499 786 1560 dicundi
806 1499 898 1560 finem
917 1500 989 1560 fecit
1007 1510 1038 1561 et

147 1580 170 1642 J
171 1580 305 1660 ugurtha
325 1581 503 1659 respondere
520 1581 621 1660 jussus
634 1588 688 1653 est,
702 1579 736 1640 O.
752 1579 884 1641 Baebius
897 1580 1038 1642 tribunus

149 1661 255 1743 plebis,
270 1681 358 1740 quem
379 1661 507 1740 pecunia
528 1668 705 1740 corruptum
724 1681 817 1740 supra
836 1661 980 1734 diximus,
994 1683 1038 1722 re

147 1763 216 1822 gem
242 1751 342 1802 tacere
365 1741 462 1820 jubet,
490 1762 526 1802 ac
553 1741 674 1801 tametsi
701 1741 874 1814 multitudo,
900 1762 979 1820 quae
1005 1743 1038 1802 in

101 1825 140 1884 20
149 1824 290 1885 concione
314 1823 428 1896 aderat,
449 1822 642 1883 vehementer
666 1842 791 1883 accensa
814 1822 947 1883 terrebat
967 1843 1038 1883 eum

148 1904 287 1977 clamore,
311 1902 406 1976 voltu,
431 1923 518 1982 saepe
541 1903 657 1982 impetu
684 1910 776 1981 atque
798 1902 865 1964 aliis
888 1903 1037 1976 omnibus,

148 2005 226 2064 quae
249 1985 295 2044 ira
319 1983 384 2044 fieri
408 1992 499 2055 amat,
525 1983 599 2044 vicit
623 1993 725 2044 tamen
748 1983 946 2062 impudentia.
988 1983 1039 2045 Ita

148 2064 278 2146 populus
299 2063 430 2124 ludibrio
451 2063 573 2124 habitus
597 2085 636 2124 ex
662 2064 803 2124 concione
827 2065 962 2137 discedit,
982 2064 1038 2126 Ju-

148 2145 278 2224 gurthae
299 2143 477 2224 Bestiaeque
492 2154 521 2205 et
536 2145 649 2217 ceteris,
665 2165 738 2224 quos
752 2144 806 2205 illa
821 2145 954 2224 quaestio
968 2165 1038 2206 exa

102 2227 139 2286 25
148 2225 274 2305 gitabat,
289 2225 382 2285 animi
396 2233 569 2305 augescunt.

188 2307 236 2369 35.
259 2306 335 2365 Erat
356 2327 392 2366 ea
412 2314 589 2384 tempestate
611 2306 726 2367 Romae
746 2305 883 2365 Numida
903 2306 1037 2384 quidam,

147 2387 268 2447 nomine
289 2386 431 2460 Massiva,
452 2385 602 2447 Gulussae
622 2386 711 2459 filius,
733 2386 909 2447 Masinissae
928 2407 1038 2466 nepos;

148 2469 210 2547 qui,
224 2468 296 2547 quia
317 2467 349 2526 in
369 2467 550 2528 dissensione
570 2488 676 2547 regum
696 2466 871 2546 Jugurthae
892 2467 1039 2529 advorsus

148 2550 257 2621 fuerat,
279 2548 381 2608 dedita
409 2547 495 2608 Cirta
522 2557 551 2608 et
580 2547 757 2608 Adherbale
783 2548 950 2621 interfecto,
971 2569 1038 2627 pro

101 2631 139 2691 30
148 2630 238 2708 fugus
248 2650 286 2689 ex
297 2629 398 2707 patria
408 2628 532 2689 abierat.
574 2628 660 2689 Huic
670 2627 720 2707 Sp.
732 2627 875 2701 Albinus,
885 2629 938 2707 qui
970 2649 1038 2689 rox-

147 2730 219 2770 umo
246 2730 326 2769 anno
353 2718 420 2788 post
447 2708 581 2768 Bestiam
610 2729 679 2768 cum
710 2708 749 2784 Q.
782 2709 920 2770 Minucio
948 2649 1038 2771 Bufo

148 2789 338 2852 consulatum
361 2789 494 2869 gerebat,
517 2790 687 2868 persuadet,
711 2789 856 2868 quoniam
879 2810 919 2849 ex
943 2790 1037 2868 stirpe

149 2871 325 2931 Masinissae
358 2871 406 2943 sit,
434 2869 681 2948 Jugurthamque
708 2868 747 2929 ob
774 2869 887 2930 scelera
920 2870 1037 2931 invidia

146 2973 215 3012 cum
230 2961 312 3012 metu
327 2958 442 3030 urgeat,
454 2970 581 3029 regnum
596 2950 760 3010 Numidiae
774 2949 814 3010 ab
827 2959 933 3011 senatu
942 2960 1035 3029 petat.

101 3033 138 3092 35
149 3033 269 3094 Avidus
283 3031 387 3093 consul
400 3030 473 3092 belli
486 3031 615 3109 gerundi
634 3051 754 3091 movere
774 3051 866 3110 quam
886 3051 1037 3093 senescere

87 3120 91 3126 '
148 3114 250 3173 omnia
277 3111 426 3183 malebat;
455 3112 511 3190 ipsi
536 3111 694 3190 provincia
717 3109 874 3184 Numidia,
899 3111 1036 3174 Minucio

151 3193 331 3253 Macedonia
345 3201 494 3251 evenerat.
537 3191 626 3266 Quae
642 3200 801 3269 postquam
820 3192 955 3253 Massiva
975 3194 1036 3273 agi-

148 3281 213 3332 tare
234 3272 340 3349 coepit,
355 3292 451 3348 neque
465 3271 486 3330 J
489 3270 640 3348 ugurthae
653 3270 685 3329 in
700 3271 804 3331 amicis
819 3273 891 3332 satis
904 3275 1036 3352 promidi

148 3361 201 3423 est,
216 3352 296 3430 quod
310 3371 414 3411 eorum
435 3349 530 3410 alium
544 3350 734 3423 couscientia,
749 3351 844 3411 alium
858 3353 941 3414 mala
952 3354 1036 3417 fama
