2392 3692
368 166 422 217 on
440 164 559 216 anate
582 163 831 218 Juouarmuo.
1025 151 1067 218 81

131 324 250 385 rantius
274 343 440 418 quamnaes
463 333 605 384 mutuum
629 323 763 419 reddere,
786 323 850 403 ipse
873 323 912 384 ab
937 323 1022 417 nullq

131 413 394 546 milli-”5¹35
404 403 1021 566 :lullt‘lfrltltlttlffll

130 484 342 706 {niobbllibss
369 565 403 658 in
427 567 548 706 {segmine
574 575 667 707 aqqqiue
694 566 734 627 ad
760 564 890 706 vigffiffi·
908 532 1022 718 mulltusts:
1050 647 1069 704 5

130 665 1021 822 ttttttutjtqlttlsuffibat,

130 807 221 868 modo
248 827 346 886 neque
373 807 497 868 consilio
524 827 622 887 neque
648 827 740 868 manu
767 807 898 887 priorem
926 806 1021 866 alium

170 887 205 961 ti,
220 886 378 967 plerosque
398 888 581 950 antevenire.
623 887 745 964 Quibus
758 887 848 948 rebus
861 895 891 948 et
905 885 1021 947 artibus

129 908 217 1028 blavi
233 967 332 1028 Mario
346 967 552 1049 militibusque
567 969 747 1030 carissumus
760 967 866 1028 factus.

170 1049 220 1111 97.
255 1047 301 1109 At
327 1047 493 1128 Jugurtha,
521 1057 681 1130 postquam
714 1048 860 1128 oppidum
889 1047 1019 1127 Capsam
1031 1050 1069 1108 10

129 1129 267 1209 aliosque
288 1129 369 1190 loom
389 1130 520 1190 munitos
540 1139 570 1191 et
590 1129 649 1190 sibi
669 1129 767 1202 utiles,
780 1127 871 1189 simul
890 1137 921 1188 et
939 1149 1021 1208 mag-

128 1230 202 1270 nam
224 1211 384 1289 pecuniam
404 1211 553 1282 amiserat,
568 1210 608 1271 ad
625 1209 780 1272 Bocchum
795 1209 917 1270 nuntios
931 1210 1020 1282 misit,

149 1311 223 1352 uam
236 1289 370 1370 primum
384 1290 416 1350 in
429 1290 609 1352 Numidiam
622 1291 723 1371 copias
741 1290 913 1362 adduceret,
927 1291 1023 1368 proeli

128 1311 268 1432 boiundi
281 1379 401 1450 tempus
414 1370 524 1432 adesse.
566 1371 668 1448 Quem
681 1370 735 1432 ubi
749 1371 885 1432 cunctari
905 1372 1021 1449 accepit

128 1460 159 1512 ct
173 1449 303 1512 dubium
316 1449 390 1511 belli
403 1460 496 1531 atque
508 1452 591 1532 pacis
612 1452 743 1513 rationes
762 1451 893 1522 trahere,
907 1471 1020 1524 rursus,
1031 1453 1068 1510 15

129 1531 176 1592 uti
200 1539 300 1604 antea,
343 1552 485 1593 roxumos
507 1533 571 1612 cjus
594 1532 681 1593 donis
704 1532 879 1610 corrumpit,
905 1531 1021 1610 ipsique

128 1612 241 1672 Mauro
265 1551 428 1691 pollicetur
451 1612 616 1673 Numidiae
639 1622 757 1693 partem
777 1613 908 1684 tertiam,
921 1613 947 1671 si
967 1622 1021 1672 aut

129 1693 264 1753 Romani
278 1690 387 1754 Africa
400 1713 438 1754 ex
461 1692 520 1753 ulsi
537 1703 589 1754 aut
603 1694 728 1773 integris
747 1694 810 1754 suis
828 1692 940 1752 finibus
959 1691 1020 1752 bel-

128 1773 195 1832 lum
216 1773 414 1853 compositum
435 1714 521 1834 lbret.
564 1773 612 1834 Eo
638 1775 773 1854 praemio
799 1773 918 1834 illectus
946 1772 1020 1833 Boo-

129 1853 206 1914 chus
230 1874 300 1914 eum
324 1873 435 1933 magna
458 1853 655 1915 multitudine
679 1854 868 1934 Jugurtham
895 1853 1018 1915 accedit.
1029 1855 1068 1914 20

130 1933 180 1994 Ita
193 1933 354 1994 amborum
367 1935 501 1995 exercitu
517 1936 687 2015 conjuncto,
701 1935 836 1995 Marium
850 1937 916 2014 jam
931 1936 962 1995 in
978 1935 1020 1994 hi-

129 2014 225 2075 berna
245 2013 481 2094 proficiscentem
494 2015 549 2078 vix
569 2017 698 2077 decuma
718 2026 804 2095 parte
824 2017 883 2076 diei
904 2015 1021 2094 reliqua

129 2095 290 2168 invadunt,
311 2096 372 2156 rati
396 2105 523 2169 noctem,
545 2117 624 2176 quae
645 2098 713 2191 jam
736 2096 851 2167 ederat,
875 2106 905 2156 et
932 2097 1020 2159 victis

130 2175 187 2236 sibi
214 2176 401 2237 munimento
428 2177 492 2236 fore
519 2185 558 2250 et,
577 2178 603 2237 si
622 2178 772 2250 meissent,
793 2176 877 2237 nullo
897 2177 1021 2256 impedi-

131 2265 241 2330 mento,
255 2257 327 2336 quia
341 2256 476 2318 locorum
497 2258 624 2318 scientes
643 2267 740 2328 erant,
755 2268 860 2318 contra
874 2257 1019 2318 Romanis
1029 2259 1068 2318 25

131 2346 295 2417 utrumque
316 2357 418 2398 casum
438 2337 471 2397 in
491 2337 623 2399 tenebris
636 2338 834 2399 difficiliorem
847 2338 918 2399 fore.
961 2338 1021 2417 Igi-

130 2426 182 2477 tur
202 2417 292 2477 simul
306 2418 408 2478 consul
423 2439 462 2479 ex
476 2418 581 2478 multis
595 2419 633 2478 de
647 2419 777 2479 hostium
798 2419 931 2478 adventu
954 2440 1020 2497 cog-

130 2497 217 2558 novit
231 2505 261 2557 et
275 2497 331 2577 ipsi
345 2498 443 2559 hostes
457 2499 602 2570 aderant;
623 2507 654 2559 et
667 2500 751 2578 prius
765 2520 855 2578 quam
869 2499 1020 2560 exercitus

130 2585 185 2638 aut
200 2577 308 2638 instrui
322 2587 376 2638 aut
389 2579 522 2640 sarcinas
536 2578 687 2658 colligere,
701 2580 830 2660 denique
843 2589 914 2640 ante
928 2600 1019 2658 quam

131 2658 155 2718 si
201 2677 253 2718 um
267 2667 320 2718 aut
334 2659 494 2738 imperium
515 2659 615 2719 ullum
635 2660 771 2739 accipere
784 2661 891 2739 quivit,
906 2661 1020 2739 equites
1029 2660 1068 2719 30

167 2738 235 2798 auri
262 2747 353 2817 atque
380 2737 513 2811 Gaetuli,
541 2760 601 2800 non
632 2740 697 2801 acie
723 2761 820 2819 neque
848 2739 911 2800 ullo
939 2761 1020 2801 more

132 2817 236 2897 proeli,
250 2819 302 2878 sed
320 2819 508 2892 catervatim,
522 2821 568 2880 uti
588 2841 722 2900 quosque
742 2820 803 2880 fors
824 2819 1020 2899 conglobave-

132 2906 189 2969 rat,
211 2898 244 2957 in
268 2908 384 2958 nostros
407 2909 610 2972 concurrunt;
631 2902 684 2979 qui
704 2921 815 2973 omnes,
836 2901 948 2980 trepidi
967 2902 1022 2962 im·

132 2978 252 3057 proviso
273 2988 355 3039 metu
376 2999 412 3040 ac
432 2988 535 3040 tamen
550 2981 671 3042 virtutis
691 3001 844 3054 memores,
859 2991 914 3042 aut
934 3002 1021 3042 arma

133 3058 292 3136 capiebant
315 3069 369 3120 aut
394 3061 544 3139 capientes
567 3061 643 3121 alios
666 3060 705 3121 ab
729 3062 865 3122 hostibus
888 3061 1020 3122 defensa-
1029 3062 1068 3121 35

133 3137 224 3210 bant;
245 3158 316 3217 pars
336 3159 427 3218 equos
447 3141 638 3213 adscendere,
659 3140 780 3203 obviam
801 3142 845 3200 ire
866 3140 1018 3213 hostibus;

132 3239 236 3298 pugna
260 3218 418 3280 latrocinio
447 3221 541 3298 magis
561 3240 652 3299 quem
677 3221 791 3300 proelio
810 3220 917 3281 similis
937 3221 1020 3293 fieri;

133 3299 196 3358 sine
222 3299 324 3378 signis,
344 3299 408 3358 sine
434 3299 598 3371 ordinibus,
619 3302 734 3378 equites
756 3301 929 3377 peditesque
956 3321 1021 3375 per·

133 3378 223 3439 mixti
237 3379 360 3439 caedere
377 3377 460 3450 alios,
475 3378 548 3437 alios
562 3377 761 3446 obtruncare3
782 3377 901 3444 multos,
916 3386 1021 3434 contra
