<?xml version="1.0" encoding="UTF-8"?>
<!DOCTYPE html PUBLIC "-//W3C//DTD XHTML 1.0 Transitional//EN"
    "http://www.w3.org/TR/xhtml1/DTD/xhtml1-transitional.dtd">
<html xmlns="http://www.w3.org/1999/xhtml" xml:lang="en" lang="en">
 <head>
  <title>
</title>
<meta http-equiv="Content-Type" content="text/html;charset=utf-8" />
  <meta name='ocr-system' content='tesseract 3.04.00' />
  <meta name='ocr-capabilities' content='ocr_page ocr_carea ocr_par ocr_line ocrx_word'/>
</head>
<body>
  <div class='ocr_page' id='page_1' title='image "./csallusticrispi00stuagoog_0053.png"; bbox 0 0 2392 3692; ppageno 0'>
   <div class='ocr_carea' id='block_1_1' title="bbox 404 147 1104 211">
    <p class='ocr_par' dir='ltr' id='par_1_1' title="bbox 404 147 1104 211">
     <span class='ocr_line' id='line_1_1' title="bbox 404 147 1104 211; baseline 0 -1"><span class='ocrx_word' id='word_1_1' title='bbox 404 161 459 210; x_wconf 81' lang='lat' dir='ltr'>nn</span> <span class='ocrx_word' id='word_1_2' title='bbox 477 161 597 210; x_wconf 76' lang='lat' dir='ltr'>antro</span> <span class='ocrx_word' id='word_1_3' title='bbox 619 159 865 211; x_wconf 76' lang='lat' dir='ltr'>ruocarrrmo,</span> <span class='ocrx_word' id='word_1_4' title='bbox 1059 147 1104 210; x_wconf 81' lang='lat'>45</span> 
     </span>
    </p>
   </div>
   <div class='ocr_carea' id='block_1_2' title="bbox 159 317 1124 3456">
    <p class='ocr_par' dir='ltr' id='par_1_2' title="bbox 160 317 1101 962">
     <span class='ocr_line' id='line_1_2' title="bbox 162 317 1056 398; baseline -0.002 -16"><span class='ocrx_word' id='word_1_5' title='bbox 162 322 312 383; x_wconf 77' lang='lat' dir='ltr'>militibus</span> <span class='ocrx_word' id='word_1_6' title='bbox 347 320 401 380; x_wconf 93' lang='lat' dir='ltr'>diu</span> <span class='ocrx_word' id='word_1_7' title='bbox 435 327 586 398; x_wconf 88' lang='lat' dir='ltr'>noctuque</span> <span class='ocrx_word' id='word_1_8' title='bbox 620 318 822 398; x_wconf 85' lang='lat' dir='ltr'>vagabantur,</span> <span class='ocrx_word' id='word_1_9' title='bbox 853 328 884 380; x_wconf 90' lang='lat' dir='ltr'>et</span> <span class='ocrx_word' id='word_1_10' title='bbox 918 317 1056 398; x_wconf 84' lang='lat' dir='ltr'>palantes</span> 
     </span>
     <span class='ocr_line' id='line_1_3' title="bbox 162 400 1056 482; baseline -0.007 -19"><span class='ocrx_word' id='word_1_11' title='bbox 162 423 251 482; x_wconf 88' lang='lat' dir='ltr'>agros</span> <span class='ocrx_word' id='word_1_12' title='bbox 273 410 403 473; x_wconf 87' lang='lat' dir='ltr'>vastare,</span> <span class='ocrx_word' id='word_1_13' title='bbox 417 400 506 462; x_wconf 88' lang='lat' dir='ltr'>villas</span> <span class='ocrx_word' id='word_1_14' title='bbox 527 419 712 479; x_wconf 84' lang='lat' dir='ltr'>expugnare,</span> <span class='ocrx_word' id='word_1_15' title='bbox 725 400 840 479; x_wconf 89' lang='lat' dir='ltr'>pecoris</span> <span class='ocrx_word' id='word_1_16' title='bbox 860 408 891 460; x_wconf 91' lang='lat' dir='ltr'>et</span> <span class='ocrx_word' id='word_1_17' title='bbox 911 400 1056 480; x_wconf 85' lang='lat' dir='ltr'>mancipi·</span> 
     </span>
     <span class='ocr_line' id='line_1_4' title="bbox 162 481 1055 561; baseline -0.003 -18"><span class='ocrx_word' id='word_1_18' title='bbox 162 504 251 543; x_wconf 90' lang='lat' dir='ltr'>orum</span> <span class='ocrx_word' id='word_1_19' title='bbox 276 481 405 561; x_wconf 87' lang='lat' dir='ltr'>praedas</span> <span class='ocrx_word' id='word_1_20' title='bbox 433 489 581 542; x_wconf 79' lang='lat' dir='ltr'>certantes</span> <span class='ocrx_word' id='word_1_21' title='bbox 608 501 707 559; x_wconf 86' lang='lat' dir='ltr'>agere,</span> <span class='ocrx_word' id='word_1_22' title='bbox 727 500 822 560; x_wconf 87' lang='lat' dir='ltr'>eaque</span> <span class='ocrx_word' id='word_1_23' title='bbox 846 489 965 540; x_wconf 89' lang='lat' dir='ltr'>mutare</span> <span class='ocrx_word' id='word_1_24' title='bbox 985 501 1055 540; x_wconf 91' lang='lat' dir='ltr'>cum</span> 
     </span>
     <span class='ocr_line' id='line_1_5' title="bbox 161 561 1055 640; baseline -0.003 -17"><span class='ocrx_word' id='word_1_25' title='bbox 161 561 382 624; x_wconf 80' lang='lat' dir='ltr'>mercatoribus</span> <span class='ocrx_word' id='word_1_26' title='bbox 400 562 472 622; x_wconf 87' lang='lat' dir='ltr'>vino</span> <span class='ocrx_word' id='word_1_27' title='bbox 494 561 662 622; x_wconf 89' lang='lat' dir='ltr'>advecticio</span> <span class='ocrx_word' id='word_1_28' title='bbox 682 569 715 621; x_wconf 91' lang='lat' dir='ltr'>et</span> <span class='ocrx_word' id='word_1_29' title='bbox 733 561 802 622; x_wconf 89' lang='lat' dir='ltr'>aliis</span> <span class='ocrx_word' id='word_1_30' title='bbox 821 561 951 633; x_wconf 87' lang='lat' dir='ltr'>talibus;</span> <span class='ocrx_word' id='word_1_31' title='bbox 971 580 1055 640; x_wconf 87' lang='lat' dir='ltr'>prae·</span> 
     </span>
     <span class='ocr_line' id='line_1_6' title="bbox 161 640 1101 721; baseline -0.005 -16"><span class='ocrx_word' id='word_1_32' title='bbox 161 654 246 705; x_wconf 91' lang='lat' dir='ltr'>terea</span> <span class='ocrx_word' id='word_1_33' title='bbox 266 643 454 702; x_wconf 87' lang='lat' dir='ltr'>frumentum</span> <span class='ocrx_word' id='word_1_34' title='bbox 475 640 596 720; x_wconf 87' lang='lat' dir='ltr'>publice</span> <span class='ocrx_word' id='word_1_35' title='bbox 617 641 723 701; x_wconf 88' lang='lat' dir='ltr'>datum</span> <span class='ocrx_word' id='word_1_36' title='bbox 736 642 877 713; x_wconf 89' lang='lat' dir='ltr'>vendere,</span> <span class='ocrx_word' id='word_1_37' title='bbox 892 661 1001 721; x_wconf 89' lang='lat' dir='ltr'>panem</span> <span class='ocrx_word' id='word_1_38' title='bbox 1021 641 1054 701; x_wconf 92' lang='lat' dir='ltr'>in</span> <span class='ocrx_word' id='word_1_39' title='bbox 1083 643 1101 700; x_wconf 81' lang='lat'>5</span> 
     </span>
     <span class='ocr_line' id='line_1_7' title="bbox 161 721 1055 802; baseline -0.006 -17"><span class='ocrx_word' id='word_1_40' title='bbox 161 725 226 785; x_wconf 89' lang='lat' dir='ltr'>dies</span> <span class='ocrx_word' id='word_1_41' title='bbox 246 723 391 785; x_wconf 88' lang='lat' dir='ltr'>mereari:</span> <span class='ocrx_word' id='word_1_42' title='bbox 420 731 570 802; x_wconf 86' lang='lat' dir='ltr'>postremo</span> <span class='ocrx_word' id='word_1_43' title='bbox 590 741 798 801; x_wconf 89' lang='lat' dir='ltr'>quaecumque</span> <span class='ocrx_word' id='word_1_44' title='bbox 819 723 880 782; x_wconf 91' lang='lat' dir='ltr'>dici</span> <span class='ocrx_word' id='word_1_45' title='bbox 903 731 958 782; x_wconf 91' lang='lat' dir='ltr'>aut</span> <span class='ocrx_word' id='word_1_46' title='bbox 980 721 1055 800; x_wconf 81' lang='lat' dir='ltr'>fingi</span> 
     </span>
     <span class='ocr_line' id='line_1_8' title="bbox 161 801 1053 884; baseline -0.002 -20"><span class='ocrx_word' id='word_1_47' title='bbox 161 813 279 884; x_wconf 89' lang='lat' dir='ltr'>queunt</span> <span class='ocrx_word' id='word_1_48' title='bbox 292 803 432 883; x_wconf 87' lang='lat' dir='ltr'>ignaviae</span> <span class='ocrx_word' id='word_1_49' title='bbox 445 802 648 882; x_wconf 74' lang='lat' dir='ltr'>luxuriaeque</span> <span class='ocrx_word' id='word_1_50' title='bbox 661 801 782 883; x_wconf 89' lang='lat' dir='ltr'>probra,</span> <span class='ocrx_word' id='word_1_51' title='bbox 796 803 829 862; x_wconf 93' lang='lat' dir='ltr'>in</span> <span class='ocrx_word' id='word_1_52' title='bbox 847 801 901 862; x_wconf 93' lang='lat' dir='ltr'>illo</span> <span class='ocrx_word' id='word_1_53' title='bbox 919 803 1053 862; x_wconf 83' lang='lat' dir='ltr'>exercitu</span> 
     </span>
     <span class='ocr_line' id='line_1_9' title="bbox 160 882 643 962; baseline -0.008 -16"><span class='ocrx_word' id='word_1_54' title='bbox 160 894 274 946; x_wconf 88' lang='lat' dir='ltr'>cuncta</span> <span class='ocrx_word' id='word_1_55' title='bbox 288 885 372 945; x_wconf 88' lang='lat' dir='ltr'>fuere</span> <span class='ocrx_word' id='word_1_56' title='bbox 385 893 416 944; x_wconf 93' lang='lat' dir='ltr'>et</span> <span class='ocrx_word' id='word_1_57' title='bbox 429 883 491 944; x_wconf 86' lang='lat' dir='ltr'>alia</span> <span class='ocrx_word' id='word_1_58' title='bbox 505 882 643 962; x_wconf 88' lang='lat' dir='ltr'>amplius.</span> 
     </span>
    </p>

    <p class='ocr_par' dir='ltr' id='par_1_3' title="bbox 159 963 1102 2396">
     <span class='ocr_line' id='line_1_10' title="bbox 203 963 1054 1043; baseline -0.006 -16"><span class='ocrx_word' id='word_1_59' title='bbox 203 965 251 1028; x_wconf 77' lang='lat'>45.</span> <span class='ocrx_word' id='word_1_60' title='bbox 266 964 325 1026; x_wconf 81' lang='lat' dir='ltr'>Sed</span> <span class='ocrx_word' id='word_1_61' title='bbox 335 965 412 1025; x_wconf 91' lang='lat' dir='ltr'>inea</span> <span class='ocrx_word' id='word_1_62' title='bbox 421 963 602 1026; x_wconf 87' lang='lat' dir='ltr'>difficultate</span> <span class='ocrx_word' id='word_1_63' title='bbox 612 963 773 1024; x_wconf 87' lang='lat' dir='ltr'>Metellum</span> <span class='ocrx_word' id='word_1_64' title='bbox 783 984 845 1024; x_wconf 87' lang='lat' dir='ltr'>non</span> <span class='ocrx_word' id='word_1_65' title='bbox 855 965 1054 1043; x_wconf 91' lang='lat' dir='ltr'>minusquam</span> 
     </span>
     <span class='ocr_line' id='line_1_11' title="bbox 160 1043 1102 1124; baseline -0.003 -17"><span class='ocrx_word' id='word_1_66' title='bbox 160 1047 195 1106; x_wconf 93' lang='lat' dir='ltr'>in</span> <span class='ocrx_word' id='word_1_67' title='bbox 223 1045 314 1107; x_wconf 89' lang='lat' dir='ltr'>rebus</span> <span class='ocrx_word' id='word_1_68' title='bbox 340 1045 499 1106; x_wconf 86' lang='lat' dir='ltr'>hostilibus</span> <span class='ocrx_word' id='word_1_69' title='bbox 529 1065 676 1124; x_wconf 89' lang='lat' dir='ltr'>magnum</span> <span class='ocrx_word' id='word_1_70' title='bbox 702 1054 733 1105; x_wconf 90' lang='lat' dir='ltr'>et</span> <span class='ocrx_word' id='word_1_71' title='bbox 759 1045 925 1124; x_wconf 87' lang='lat' dir='ltr'>sapientem</span> <span class='ocrx_word' id='word_1_72' title='bbox 952 1043 1102 1105; x_wconf 81' lang='lat' dir='ltr'>virumlo</span> 
     </span>
     <span class='ocr_line' id='line_1_12' title="bbox 161 1123 1054 1206; baseline -0.006 -18"><span class='ocrx_word' id='word_1_73' title='bbox 161 1128 255 1188; x_wconf 84' lang='lat' dir='ltr'>fuisse</span> <span class='ocrx_word' id='word_1_74' title='bbox 279 1127 461 1206; x_wconf 85' lang='lat' dir='ltr'>comperior:</span> <span class='ocrx_word' id='word_1_75' title='bbox 489 1134 576 1187; x_wconf 88' lang='lat' dir='ltr'>tanta</span> <span class='ocrx_word' id='word_1_76' title='bbox 596 1125 799 1206; x_wconf 77' lang='lat' dir='ltr'>temperantia</span> <span class='ocrx_word' id='word_1_77' title='bbox 819 1125 899 1186; x_wconf 91' lang='lat' dir='ltr'>inter</span> <span class='ocrx_word' id='word_1_78' title='bbox 918 1123 1054 1184; x_wconf 87' lang='lat' dir='ltr'>ambitio·</span> 
     </span>
     <span class='ocr_line' id='line_1_13' title="bbox 160 1205 1053 1286; baseline -0.003 -18"><span class='ocrx_word' id='word_1_79' title='bbox 160 1229 232 1268; x_wconf 88' lang='lat' dir='ltr'>nem</span> <span class='ocrx_word' id='word_1_80' title='bbox 246 1207 463 1286; x_wconf 79' lang='lat' dir='ltr'>saevitiamque</span> <span class='ocrx_word' id='word_1_81' title='bbox 477 1205 674 1267; x_wconf 89' lang='lat' dir='ltr'>moderatum.</span> <span class='ocrx_word' id='word_1_82' title='bbox 716 1205 859 1285; x_wconf 86' lang='lat' dir='ltr'>Namque</span> <span class='ocrx_word' id='word_1_83' title='bbox 877 1205 975 1266; x_wconf 90' lang='lat' dir='ltr'>edicto</span> <span class='ocrx_word' id='word_1_84' title='bbox 993 1205 1053 1284; x_wconf 92' lang='lat' dir='ltr'>pri·</span> 
     </span>
     <span class='ocr_line' id='line_1_14' title="bbox 160 1287 1053 1368; baseline -0.004 -20"><span class='ocrx_word' id='word_1_85' title='bbox 160 1309 248 1348; x_wconf 93' lang='lat' dir='ltr'>mum</span> <span class='ocrx_word' id='word_1_86' title='bbox 272 1288 449 1368; x_wconf 87' lang='lat' dir='ltr'>adjumenta</span> <span class='ocrx_word' id='word_1_87' title='bbox 472 1287 615 1367; x_wconf 86' lang='lat' dir='ltr'>ignaviae</span> <span class='ocrx_word' id='word_1_88' title='bbox 640 1287 803 1361; x_wconf 87' lang='lat' dir='ltr'>sustulisse,</span> <span class='ocrx_word' id='word_1_89' title='bbox 828 1306 866 1347; x_wconf 90' lang='lat' dir='ltr'>ne</span> <span class='ocrx_word' id='word_1_90' title='bbox 893 1287 1053 1365; x_wconf 91' lang='lat' dir='ltr'>quisquam</span> 
     </span>
     <span class='ocr_line' id='line_1_15' title="bbox 160 1366 1052 1448; baseline -0.004 -19"><span class='ocrx_word' id='word_1_91' title='bbox 160 1370 196 1429; x_wconf 91' lang='lat' dir='ltr'>in</span> <span class='ocrx_word' id='word_1_92' title='bbox 222 1369 328 1430; x_wconf 86' lang='lat' dir='ltr'>castris</span> <span class='ocrx_word' id='word_1_93' title='bbox 354 1389 464 1448; x_wconf 90' lang='lat' dir='ltr'>panem</span> <span class='ocrx_word' id='word_1_94' title='bbox 491 1377 546 1428; x_wconf 91' lang='lat' dir='ltr'>aut</span> <span class='ocrx_word' id='word_1_95' title='bbox 572 1389 662 1447; x_wconf 91' lang='lat' dir='ltr'>quem</span> <span class='ocrx_word' id='word_1_96' title='bbox 689 1367 783 1428; x_wconf 89' lang='lat' dir='ltr'>alium</span> <span class='ocrx_word' id='word_1_97' title='bbox 808 1377 927 1427; x_wconf 88' lang='lat' dir='ltr'>coctum</span> <span class='ocrx_word' id='word_1_98' title='bbox 952 1366 1052 1427; x_wconf 91' lang='lat' dir='ltr'>cibum</span> 
     </span>
     <span class='ocr_line' id='line_1_16' title="bbox 159 1446 1101 1542; baseline -0.004 -32"><span class='ocrx_word' id='word_1_99' title='bbox 159 1449 315 1522; x_wconf 89' lang='lat' dir='ltr'>venderet,</span> <span class='ocrx_word' id='word_1_100' title='bbox 336 1469 375 1510; x_wconf 89' lang='lat' dir='ltr'>ne</span> <span class='ocrx_word' id='word_1_101' title='bbox 395 1449 477 1509; x_wconf 82' lang='lat' dir='ltr'>lixae</span> <span class='ocrx_word' id='word_1_102' title='bbox 497 1449 665 1510; x_wconf 82' lang='lat' dir='ltr'>exercitum</span> <span class='ocrx_word' id='word_1_103' title='bbox 685 1458 889 1542; x_wconf 85' lang='lat' dir='ltr'>sequerentur,</span> <span class='ocrx_word' id='word_1_104' title='bbox 908 1467 947 1508; x_wconf 91' lang='lat' dir='ltr'>ue</span> <span class='ocrx_word' id='word_1_105' title='bbox 967 1446 1101 1508; x_wconf 87' lang='lat' dir='ltr'>miles15</span> 
     </span>
     <span class='ocr_line' id='line_1_17' title="bbox 159 1530 1053 1610; baseline -0.003 -20"><span class='ocrx_word' id='word_1_106' title='bbox 159 1530 318 1610; x_wconf 87' lang='lat' dir='ltr'>gregarius</span> <span class='ocrx_word' id='word_1_107' title='bbox 332 1530 364 1589; x_wconf 91' lang='lat' dir='ltr'>in</span> <span class='ocrx_word' id='word_1_108' title='bbox 378 1530 483 1590; x_wconf 84' lang='lat' dir='ltr'>cestris</span> <span class='ocrx_word' id='word_1_109' title='bbox 502 1549 579 1591; x_wconf 90' lang='lat' dir='ltr'>neve</span> <span class='ocrx_word' id='word_1_110' title='bbox 599 1530 632 1589; x_wconf 91' lang='lat' dir='ltr'>in</span> <span class='ocrx_word' id='word_1_111' title='bbox 652 1549 773 1608; x_wconf 78' lang='lat' dir='ltr'>agmine</span> <span class='ocrx_word' id='word_1_112' title='bbox 792 1549 914 1589; x_wconf 87' lang='lat' dir='ltr'>servum</span> <span class='ocrx_word' id='word_1_113' title='bbox 935 1537 989 1588; x_wconf 90' lang='lat' dir='ltr'>aut</span> <span class='ocrx_word' id='word_1_114' title='bbox 1005 1530 1053 1608; x_wconf 93' lang='lat' dir='ltr'>ju-</span> 
     </span>
     <span class='ocr_line' id='line_1_18' title="bbox 160 1609 1050 1682; baseline -0.001 -12"><span class='ocrx_word' id='word_1_115' title='bbox 160 1619 299 1671; x_wconf 92' lang='lat' dir='ltr'>mentum</span> <span class='ocrx_word' id='word_1_116' title='bbox 330 1609 471 1682; x_wconf 85' lang='lat' dir='ltr'>haberet;</span> <span class='ocrx_word' id='word_1_117' title='bbox 506 1610 613 1671; x_wconf 88' lang='lat' dir='ltr'>ceteris</span> <span class='ocrx_word' id='word_1_118' title='bbox 645 1619 711 1671; x_wconf 86' lang='lat' dir='ltr'>arte</span> <span class='ocrx_word' id='word_1_119' title='bbox 745 1609 869 1669; x_wconf 92' lang='lat' dir='ltr'>modum</span> <span class='ocrx_word' id='word_1_120' title='bbox 902 1610 1050 1670; x_wconf 87' lang='lat' dir='ltr'>statuisse.</span> 
     </span>
     <span class='ocr_line' id='line_1_19' title="bbox 161 1690 1052 1770; baseline -0.001 -19"><span class='ocrx_word' id='word_1_121' title='bbox 161 1692 324 1751; x_wconf 88' lang='lat' dir='ltr'>Praeterea</span> <span class='ocrx_word' id='word_1_122' title='bbox 340 1691 519 1752; x_wconf 88' lang='lat' dir='ltr'>transvorsis</span> <span class='ocrx_word' id='word_1_123' title='bbox 539 1690 697 1750; x_wconf 91' lang='lat' dir='ltr'>itineribus</span> <span class='ocrx_word' id='word_1_124' title='bbox 718 1690 852 1770; x_wconf 91' lang='lat' dir='ltr'>quotidie</span> <span class='ocrx_word' id='word_1_125' title='bbox 873 1699 972 1750; x_wconf 88' lang='lat' dir='ltr'>eastra</span> <span class='ocrx_word' id='word_1_126' title='bbox 992 1711 1052 1751; x_wconf 84' lang='lat' dir='ltr'>mo</span> 
     </span>
     <span class='ocr_line' id='line_1_20' title="bbox 159 1770 1053 1851; baseline -0.003 -17"><span class='ocrx_word' id='word_1_127' title='bbox 159 1792 241 1844; x_wconf 88' lang='lat' dir='ltr'>vere,</span> <span class='ocrx_word' id='word_1_128' title='bbox 259 1773 351 1851; x_wconf 85' lang='lat' dir='ltr'>juxta</span> <span class='ocrx_word' id='word_1_129' title='bbox 372 1791 408 1833; x_wconf 87' lang='lat' dir='ltr'>ac</span> <span class='ocrx_word' id='word_1_130' title='bbox 428 1771 454 1832; x_wconf 91' lang='lat' dir='ltr'>si</span> <span class='ocrx_word' id='word_1_131' title='bbox 474 1771 572 1831; x_wconf 83' lang='lat' dir='ltr'>hostes</span> <span class='ocrx_word' id='word_1_132' title='bbox 592 1771 738 1843; x_wconf 85' lang='lat' dir='ltr'>adessent,</span> <span class='ocrx_word' id='word_1_133' title='bbox 758 1770 842 1831; x_wconf 85' lang='lat' dir='ltr'>vallo</span> <span class='ocrx_word' id='word_1_134' title='bbox 862 1780 954 1850; x_wconf 89' lang='lat' dir='ltr'>atque</span> <span class='ocrx_word' id='word_1_135' title='bbox 974 1771 1053 1831; x_wconf 87' lang='lat' dir='ltr'>fossa</span> 
     </span>
     <span class='ocr_line' id='line_1_21' title="bbox 160 1851 1099 1931; baseline -0.001 -19"><span class='ocrx_word' id='word_1_136' title='bbox 160 1853 289 1924; x_wconf 90' lang='lat' dir='ltr'>munire,</span> <span class='ocrx_word' id='word_1_137' title='bbox 317 1851 437 1931; x_wconf 88' lang='lat' dir='ltr'>vigilias</span> <span class='ocrx_word' id='word_1_138' title='bbox 472 1851 592 1912; x_wconf 87' lang='lat' dir='ltr'>crebras</span> <span class='ocrx_word' id='word_1_139' title='bbox 619 1872 730 1931; x_wconf 89' lang='lat' dir='ltr'>ponere</span> <span class='ocrx_word' id='word_1_140' title='bbox 756 1861 787 1912; x_wconf 89' lang='lat' dir='ltr'>et</span> <span class='ocrx_word' id='word_1_141' title='bbox 813 1871 863 1912; x_wconf 89' lang='lat' dir='ltr'>eas</span> <span class='ocrx_word' id='word_1_142' title='bbox 890 1852 954 1930; x_wconf 90' lang='lat' dir='ltr'>ipse</span> <span class='ocrx_word' id='word_1_143' title='bbox 981 1853 1099 1912; x_wconf 81' lang='lat' dir='ltr'>cum20</span> 
     </span>
     <span class='ocr_line' id='line_1_22' title="bbox 160 1932 1049 2012; baseline 0.001 -20"><span class='ocrx_word' id='word_1_144' title='bbox 160 1933 269 2012; x_wconf 87' lang='lat' dir='ltr'>legatis</span> <span class='ocrx_word' id='word_1_145' title='bbox 290 1932 457 2005; x_wconf 87' lang='lat' dir='ltr'>circumire,</span> <span class='ocrx_word' id='word_1_146' title='bbox 478 1933 550 1992; x_wconf 90' lang='lat' dir='ltr'>item</span> <span class='ocrx_word' id='word_1_147' title='bbox 575 1932 608 1991; x_wconf 92' lang='lat' dir='ltr'>in</span> <span class='ocrx_word' id='word_1_148' title='bbox 631 1932 752 2012; x_wconf 88' lang='lat' dir='ltr'>agmine</span> <span class='ocrx_word' id='word_1_149' title='bbox 772 1932 805 1992; x_wconf 89' lang='lat' dir='ltr'>in</span> <span class='ocrx_word' id='word_1_150' title='bbox 826 1933 931 2012; x_wconf 91' lang='lat' dir='ltr'>primis</span> <span class='ocrx_word' id='word_1_151' title='bbox 952 1933 1049 2005; x_wconf 91' lang='lat' dir='ltr'>modo,</span> 
     </span>
     <span class='ocr_line' id='line_1_23' title="bbox 159 2013 1050 2092; baseline 0.001 -19"><span class='ocrx_word' id='word_1_152' title='bbox 159 2013 250 2073; x_wconf 91' lang='lat' dir='ltr'>modo</span> <span class='ocrx_word' id='word_1_153' title='bbox 271 2014 303 2073; x_wconf 91' lang='lat' dir='ltr'>in</span> <span class='ocrx_word' id='word_1_154' title='bbox 323 2013 488 2092; x_wconf 85' lang='lat' dir='ltr'>postremis,</span> <span class='ocrx_word' id='word_1_155' title='bbox 503 2033 590 2092; x_wconf 89' lang='lat' dir='ltr'>saepe</span> <span class='ocrx_word' id='word_1_156' title='bbox 611 2013 644 2072; x_wconf 92' lang='lat' dir='ltr'>in</span> <span class='ocrx_word' id='word_1_157' title='bbox 664 2013 763 2074; x_wconf 91' lang='lat' dir='ltr'>medio</span> <span class='ocrx_word' id='word_1_158' title='bbox 783 2013 894 2086; x_wconf 87' lang='lat' dir='ltr'>adesse,</span> <span class='ocrx_word' id='word_1_159' title='bbox 913 2034 952 2074; x_wconf 92' lang='lat' dir='ltr'>ne</span> <span class='ocrx_word' id='word_1_160' title='bbox 972 2015 1050 2092; x_wconf 89' lang='lat' dir='ltr'>quis-</span> 
     </span>
     <span class='ocr_line' id='line_1_24' title="bbox 160 2093 1050 2173; baseline 0.003 -21"><span class='ocrx_word' id='word_1_161' title='bbox 160 2094 244 2173; x_wconf 90' lang='lat' dir='ltr'>piam</span> <span class='ocrx_word' id='word_1_162' title='bbox 265 2093 370 2154; x_wconf 89' lang='lat' dir='ltr'>ordine</span> <span class='ocrx_word' id='word_1_163' title='bbox 390 2093 591 2173; x_wconf 87' lang='lat' dir='ltr'>egrederetur,</span> <span class='ocrx_word' id='word_1_164' title='bbox 613 2101 648 2153; x_wconf 94' lang='lat' dir='ltr'>ut</span> <span class='ocrx_word' id='word_1_165' title='bbox 668 2115 739 2154; x_wconf 92' lang='lat' dir='ltr'>cum</span> <span class='ocrx_word' id='word_1_166' title='bbox 763 2095 855 2173; x_wconf 86' lang='lat' dir='ltr'>signis</span> <span class='ocrx_word' id='word_1_167' title='bbox 879 2093 1050 2173; x_wconf 85' lang='lat' dir='ltr'>frequentes</span> 
     </span>
     <span class='ocr_line' id='line_1_25' title="bbox 160 2173 1050 2255; baseline 0.001 -21"><span class='ocrx_word' id='word_1_168' title='bbox 160 2174 343 2246; x_wconf 83' lang='lat' dir='ltr'>incederent,</span> <span class='ocrx_word' id='word_1_169' title='bbox 357 2174 442 2234; x_wconf 90' lang='lat' dir='ltr'>miles</span> <span class='ocrx_word' id='word_1_170' title='bbox 463 2173 564 2235; x_wconf 88' lang='lat' dir='ltr'>cibum</span> <span class='ocrx_word' id='word_1_171' title='bbox 583 2183 613 2234; x_wconf 92' lang='lat' dir='ltr'>et</span> <span class='ocrx_word' id='word_1_172' title='bbox 632 2194 719 2234; x_wconf 86' lang='lat' dir='ltr'>arma</span> <span class='ocrx_word' id='word_1_173' title='bbox 735 2183 878 2253; x_wconf 89' lang='lat' dir='ltr'>portaret.</span> <span class='ocrx_word' id='word_1_174' title='bbox 921 2174 972 2235; x_wconf 87' lang='lat' dir='ltr'>Ita</span> <span class='ocrx_word' id='word_1_175' title='bbox 984 2196 1050 2255; x_wconf 84' lang='lat' dir='ltr'>pro</span> 
     </span>
     <span class='ocr_line' id='line_1_26' title="bbox 159 2253 1099 2334; baseline 0.001 -20"><span class='ocrx_word' id='word_1_176' title='bbox 159 2255 292 2315; x_wconf 88' lang='lat' dir='ltr'>bibendo</span> <span class='ocrx_word' id='word_1_177' title='bbox 316 2275 335 2314; x_wconf 90' lang='lat' dir='ltr'>a</span> <span class='ocrx_word' id='word_1_178' title='bbox 359 2253 475 2315; x_wconf 90' lang='lat' dir='ltr'>delictis</span> <span class='ocrx_word' id='word_1_179' title='bbox 496 2255 592 2334; x_wconf 88' lang='lat' dir='ltr'>magis</span> <span class='ocrx_word' id='word_1_180' title='bbox 616 2275 708 2334; x_wconf 92' lang='lat' dir='ltr'>quam</span> <span class='ocrx_word' id='word_1_181' title='bbox 729 2255 915 2316; x_wconf 88' lang='lat' dir='ltr'>vindicando</span> <span class='ocrx_word' id='word_1_182' title='bbox 938 2256 1050 2316; x_wconf 84' lang='lat' dir='ltr'>exerci·</span> <span class='ocrx_word' id='word_1_183' title='bbox 1060 2257 1099 2316; x_wconf 83' lang='lat'>25</span> 
     </span>
     <span class='ocr_line' id='line_1_27' title="bbox 159 2334 539 2396; baseline 0 -2"><span class='ocrx_word' id='word_1_184' title='bbox 159 2344 227 2394; x_wconf 92' lang='lat' dir='ltr'>tum</span> <span class='ocrx_word' id='word_1_185' title='bbox 240 2335 327 2396; x_wconf 87' lang='lat' dir='ltr'>brevi</span> <span class='ocrx_word' id='word_1_186' title='bbox 341 2334 539 2396; x_wconf 88' lang='lat' dir='ltr'>confirmavit.</span> 
     </span>
    </p>

    <p class='ocr_par' dir='ltr' id='par_1_4' title="bbox 160 2413 1124 3456">
     <span class='ocr_line' id='line_1_28' title="bbox 200 2413 1050 2496; baseline 0.001 -19"><span class='ocrx_word' id='word_1_187' title='bbox 200 2415 250 2477; x_wconf 82' lang='lat'>46.</span> <span class='ocrx_word' id='word_1_188' title='bbox 273 2415 394 2476; x_wconf 86' lang='lat' dir='ltr'>Interea</span> <span class='ocrx_word' id='word_1_189' title='bbox 414 2413 579 2495; x_wconf 86' lang='lat' dir='ltr'>Jugurtha,</span> <span class='ocrx_word' id='word_1_190' title='bbox 601 2415 655 2476; x_wconf 92' lang='lat' dir='ltr'>ubi</span> <span class='ocrx_word' id='word_1_191' title='bbox 676 2436 754 2495; x_wconf 90' lang='lat' dir='ltr'>quae</span> <span class='ocrx_word' id='word_1_192' title='bbox 775 2416 919 2477; x_wconf 91' lang='lat' dir='ltr'>Metellus</span> <span class='ocrx_word' id='word_1_193' title='bbox 939 2416 1050 2496; x_wconf 88' lang='lat' dir='ltr'>agebat</span> 
     </span>
     <span class='ocr_line' id='line_1_29' title="bbox 160 2496 1051 2576; baseline 0.001 -20"><span class='ocrx_word' id='word_1_194' title='bbox 160 2517 199 2556; x_wconf 85' lang='lat' dir='ltr'>ex</span> <span class='ocrx_word' id='word_1_195' title='bbox 220 2496 335 2556; x_wconf 91' lang='lat' dir='ltr'>nuntiis</span> <span class='ocrx_word' id='word_1_196' title='bbox 355 2497 479 2576; x_wconf 88' lang='lat' dir='ltr'>accepit,</span> <span class='ocrx_word' id='word_1_197' title='bbox 497 2496 587 2556; x_wconf 88' lang='lat' dir='ltr'>simul</span> <span class='ocrx_word' id='word_1_198' title='bbox 608 2497 646 2556; x_wconf 89' lang='lat' dir='ltr'>de</span> <span class='ocrx_word' id='word_1_199' title='bbox 665 2497 837 2558; x_wconf 88' lang='lat' dir='ltr'>innocentia</span> <span class='ocrx_word' id='word_1_200' title='bbox 857 2497 922 2576; x_wconf 86' lang='lat' dir='ltr'>ejus</span> <span class='ocrx_word' id='word_1_201' title='bbox 942 2498 1051 2558; x_wconf 83' lang='lat' dir='ltr'>certior</span> 
     </span>
     <span class='ocr_line' id='line_1_30' title="bbox 161 2576 1051 2651; baseline 0.001 -14"><span class='ocrx_word' id='word_1_202' title='bbox 161 2577 260 2637; x_wconf 88' lang='lat' dir='ltr'>Roma</span> <span class='ocrx_word' id='word_1_203' title='bbox 280 2577 386 2649; x_wconf 86' lang='lat' dir='ltr'>factus,</span> <span class='ocrx_word' id='word_1_204' title='bbox 401 2576 536 2637; x_wconf 90' lang='lat' dir='ltr'>diffidere</span> <span class='ocrx_word' id='word_1_205' title='bbox 549 2578 610 2638; x_wconf 88' lang='lat' dir='ltr'>suis</span> <span class='ocrx_word' id='word_1_206' title='bbox 624 2577 721 2651; x_wconf 90' lang='lat' dir='ltr'>rebus,</span> <span class='ocrx_word' id='word_1_207' title='bbox 735 2599 771 2640; x_wconf 90' lang='lat' dir='ltr'>ac</span> <span class='ocrx_word' id='word_1_208' title='bbox 785 2588 852 2638; x_wconf 91' lang='lat' dir='ltr'>tum</span> <span class='ocrx_word' id='word_1_209' title='bbox 865 2578 988 2638; x_wconf 91' lang='lat' dir='ltr'>demum</span> <span class='ocrx_word' id='word_1_210' title='bbox 1001 2600 1051 2640; x_wconf 86' lang='lat' dir='ltr'>ve</span> 
     </span>
     <span class='ocr_line' id='line_1_31' title="bbox 161 2657 1098 2738; baseline 0.002 -21"><span class='ocrx_word' id='word_1_211' title='bbox 161 2678 227 2717; x_wconf 92' lang='lat' dir='ltr'>ram</span> <span class='ocrx_word' id='word_1_212' title='bbox 248 2657 430 2718; x_wconf 86' lang='lat' dir='ltr'>deditionem</span> <span class='ocrx_word' id='word_1_213' title='bbox 450 2657 550 2718; x_wconf 88' lang='lat' dir='ltr'>facere</span> <span class='ocrx_word' id='word_1_214' title='bbox 571 2668 695 2719; x_wconf 89' lang='lat' dir='ltr'>conatus</span> <span class='ocrx_word' id='word_1_215' title='bbox 716 2668 768 2719; x_wconf 88' lang='lat' dir='ltr'>est.</span> <span class='ocrx_word' id='word_1_216' title='bbox 811 2658 912 2738; x_wconf 88' lang='lat' dir='ltr'>Igitur</span> <span class='ocrx_word' id='word_1_217' title='bbox 936 2658 1050 2738; x_wconf 89' lang='lat' dir='ltr'>legatos</span> <span class='ocrx_word' id='word_1_218' title='bbox 1058 2660 1098 2719; x_wconf 85' lang='lat'>30</span> 
     </span>
     <span class='ocr_line' id='line_1_32' title="bbox 161 2737 1050 2819; baseline 0.001 -20"><span class='ocrx_word' id='word_1_219' title='bbox 161 2738 201 2799; x_wconf 90' lang='lat' dir='ltr'>ad</span> <span class='ocrx_word' id='word_1_220' title='bbox 215 2737 368 2798; x_wconf 89' lang='lat' dir='ltr'>consulem</span> <span class='ocrx_word' id='word_1_221' title='bbox 389 2746 458 2799; x_wconf 83' lang='lat' dir='ltr'>c&#39;urn</span> <span class='ocrx_word' id='word_1_222' title='bbox 478 2738 633 2818; x_wconf 83' lang='lat' dir='ltr'>suppliciis</span> <span class='ocrx_word' id='word_1_223' title='bbox 654 2739 757 2812; x_wconf 89' lang='lat' dir='ltr'>mittit,</span> <span class='ocrx_word' id='word_1_224' title='bbox 773 2741 825 2819; x_wconf 93' lang='lat' dir='ltr'>qui</span> <span class='ocrx_word' id='word_1_225' title='bbox 839 2740 1050 2800; x_wconf 88' lang='lat' dir='ltr'>tantummodo</span> 
     </span>
     <span class='ocr_line' id='line_1_33' title="bbox 162 2817 1047 2960; baseline 0.002 -82"><span class='ocrx_word' id='word_1_226' title='bbox 162 2819 218 2898; x_wconf 90' lang='lat' dir='ltr'>ipsi</span> <span class='ocrx_word' id='word_1_227' title='bbox 239 2817 400 2897; x_wconf 85' lang='lat' dir='ltr'>liberisque</span> <span class='ocrx_word' id='word_1_228' title='bbox 420 2819 516 2881; x_wconf 87' lang='lat' dir='ltr'>vitam</span> <span class='ocrx_word' id='word_1_229' title='bbox 528 2829 683 2960; x_wconf 67' lang='lat' dir='ltr'>peterent,</span> <span class='ocrx_word' id='word_1_230' title='bbox 700 2820 762 2881; x_wconf 91' lang='lat' dir='ltr'>alia</span> <span class='ocrx_word' id='word_1_231' title='bbox 782 2821 884 2880; x_wconf 90' lang='lat' dir='ltr'>omnia</span> <span class='ocrx_word' id='word_1_232' title='bbox 904 2820 1047 2880; x_wconf 90' lang='lat' dir='ltr'>dederent</span> 
     </span>
     <span class='ocr_line' id='line_1_34' title="bbox 162 2898 1107 2982; baseline 0.003 -24"><span class='ocrx_word' id='word_1_233' title='bbox 162 2898 273 2978; x_wconf 94' lang='lat' dir='ltr'>populo</span> <span class='ocrx_word' id='word_1_234' title='bbox 301 2899 447 2960; x_wconf 88' lang='lat' dir='ltr'>Romano.</span> <span class='ocrx_word' id='word_1_235' title='bbox 489 2899 527 2960; x_wconf 82' lang='lat' dir='ltr'>Se</span> <span class='ocrx_word' id='word_1_236' title='bbox 575 2901 702 2962; x_wconf 89' lang='lat' dir='ltr'>Metello</span> <span class='ocrx_word' id='word_1_237' title='bbox 724 2903 790 2982; x_wconf 89' lang='lat' dir='ltr'>jam</span> <span class='ocrx_word' id='word_1_238' title='bbox 816 2910 907 2961; x_wconf 88' lang='lat' dir='ltr'>antea</span> <span class='ocrx_word' id='word_1_239' title='bbox 934 2902 1049 2982; x_wconf 77' lang='lat' dir='ltr'>expeti·</span> <span class='ocrx_word' id='word_1_240' title='bbox 1103 2961 1107 2968; x_wconf 72' lang='grc'>,</span> 
     </span>
     <span class='ocr_line' id='line_1_35' title="bbox 162 2979 1048 3060; baseline 0.003 -21"><span class='ocrx_word' id='word_1_241' title='bbox 162 2979 269 3040; x_wconf 90' lang='lat' dir='ltr'>mentis</span> <span class='ocrx_word' id='word_1_242' title='bbox 293 2980 447 3058; x_wconf 88' lang='lat' dir='ltr'>cognitum</span> <span class='ocrx_word' id='word_1_243' title='bbox 473 2989 539 3040; x_wconf 89' lang='lat' dir='ltr'>erat</span> <span class='ocrx_word' id='word_1_244' title='bbox 565 3001 660 3060; x_wconf 87' lang='lat' dir='ltr'>genus</span> <span class='ocrx_word' id='word_1_245' title='bbox 683 2980 887 3042; x_wconf 89' lang='lat' dir='ltr'>Numidarum</span> <span class='ocrx_word' id='word_1_246' title='bbox 911 2981 1048 3056; x_wconf 86' lang='lat' dir='ltr'>infidum,</span> 
     </span>
     <span class='ocr_line' id='line_1_36' title="bbox 162 3059 1095 3138; baseline 0 -19"><span class='ocrx_word' id='word_1_247' title='bbox 162 3060 281 3138; x_wconf 87' lang='lat' dir='ltr'>ingenio</span> <span class='ocrx_word' id='word_1_248' title='bbox 301 3059 415 3132; x_wconf 91' lang='lat' dir='ltr'>mobili,</span> <span class='ocrx_word' id='word_1_249' title='bbox 436 3081 584 3122; x_wconf 89' lang='lat' dir='ltr'>novarum</span> <span class='ocrx_word' id='word_1_250' title='bbox 605 3083 707 3123; x_wconf 91' lang='lat' dir='ltr'>rerum</span> <span class='ocrx_word' id='word_1_251' title='bbox 727 3063 853 3123; x_wconf 89' lang='lat' dir='ltr'>avidum</span> <span class='ocrx_word' id='word_1_252' title='bbox 873 3083 944 3123; x_wconf 88' lang='lat' dir='ltr'>esse.</span> <span class='ocrx_word' id='word_1_253' title='bbox 986 3061 1095 3123; x_wconf 78' lang='lat' dir='ltr'>Ita-35</span> 
     </span>
     <span class='ocr_line' id='line_1_37' title="bbox 163 3140 1049 3222; baseline 0.006 -23"><span class='ocrx_word' id='word_1_254' title='bbox 163 3161 219 3219; x_wconf 92' lang='lat' dir='ltr'>que</span> <span class='ocrx_word' id='word_1_255' title='bbox 243 3140 357 3220; x_wconf 89' lang='lat' dir='ltr'>legatos</span> <span class='ocrx_word' id='word_1_256' title='bbox 381 3140 475 3200; x_wconf 90' lang='lat' dir='ltr'>alium</span> <span class='ocrx_word' id='word_1_257' title='bbox 497 3140 537 3201; x_wconf 90' lang='lat' dir='ltr'>ab</span> <span class='ocrx_word' id='word_1_258' title='bbox 561 3141 621 3202; x_wconf 92' lang='lat' dir='ltr'>alio</span> <span class='ocrx_word' id='word_1_259' title='bbox 644 3143 778 3204; x_wconf 88' lang='lat' dir='ltr'>divorsos</span> <span class='ocrx_word' id='word_1_260' title='bbox 803 3143 988 3222; x_wconf 88' lang='lat' dir='ltr'>aggreditur,</span> <span class='ocrx_word' id='word_1_261' title='bbox 1013 3163 1049 3204; x_wconf 88' lang='lat' dir='ltr'>ao</span> 
     </span>
     <span class='ocr_line' id='line_1_38' title="bbox 162 3220 1046 3303; baseline 0.006 -23"><span class='ocrx_word' id='word_1_262' title='bbox 162 3220 309 3298; x_wconf 88' lang='lat' dir='ltr'>paulatim</span> <span class='ocrx_word' id='word_1_263' title='bbox 323 3221 508 3300; x_wconf 91' lang='lat' dir='ltr'>temptando,</span> <span class='ocrx_word' id='word_1_264' title='bbox 523 3231 681 3300; x_wconf 87' lang='lat' dir='ltr'>postquam</span> <span class='ocrx_word' id='word_1_265' title='bbox 702 3231 885 3302; x_wconf 91' lang='lat' dir='ltr'>opportunos</span> <span class='ocrx_word' id='word_1_266' title='bbox 905 3223 962 3283; x_wconf 87' lang='lat' dir='ltr'>sibi</span> <span class='ocrx_word' id='word_1_267' title='bbox 981 3245 1046 3303; x_wconf 89' lang='lat' dir='ltr'>cog-</span> 
     </span>
     <span class='ocr_line' id='line_1_39' title="bbox 163 3299 1124 3380; baseline 0 -20"><span class='ocrx_word' id='word_1_268' title='bbox 163 3301 255 3374; x_wconf 91' lang='lat' dir='ltr'>novit,</span> <span class='ocrx_word' id='word_1_269' title='bbox 279 3299 378 3376; x_wconf 88' lang='lat' dir='ltr'>multa</span> <span class='ocrx_word' id='word_1_270' title='bbox 402 3301 570 3380; x_wconf 89' lang='lat' dir='ltr'>pollicendo</span> <span class='ocrx_word' id='word_1_271' title='bbox 597 3303 766 3379; x_wconf 89' lang='lat' dir='ltr'>persuadet,</span> <span class='ocrx_word' id='word_1_272' title='bbox 791 3303 836 3360; x_wconf 87' lang='lat' dir='ltr'>uti</span> <span class='ocrx_word' id='word_1_273' title='bbox 861 3303 1049 3378; x_wconf 86' lang='lat' dir='ltr'>Jugurtham</span> <span class='ocrx_word' id='word_1_274' title='bbox 1121 3336 1124 3340; x_wconf 18' lang='grc' dir='ltr'><em>Δ</em></span> 
     </span>
     <span class='ocr_line' id='line_1_40' title="bbox 163 3379 1050 3456; baseline -0.006 -17"><span class='ocrx_word' id='word_1_275' title='bbox 163 3400 305 3441; x_wconf 83' lang='lat' dir='ltr'>maxume</span> <span class='ocrx_word' id='word_1_276' title='bbox 331 3380 446 3452; x_wconf 80' lang='lat' dir='ltr'>vivum,</span> <span class='ocrx_word' id='word_1_277' title='bbox 470 3381 517 3439; x_wconf 88' lang='lat' dir='ltr'>sin</span> <span class='ocrx_word' id='word_1_278' title='bbox 540 3381 572 3439; x_wconf 93' lang='lat' dir='ltr'>id</span> <span class='ocrx_word' id='word_1_279' title='bbox 597 3399 706 3456; x_wconf 90' lang='lat' dir='ltr'>parum</span> <span class='ocrx_word' id='word_1_280' title='bbox 732 3379 884 3455; x_wconf 90' lang='lat' dir='ltr'>procedat,</span> <span class='ocrx_word' id='word_1_281' title='bbox 908 3388 1050 3435; x_wconf 88' lang='lat' dir='ltr'>necatum</span> 
     </span>
    </p>
   </div>
   <div class='ocr_carea' id='block_1_3' title="bbox 0 0 1200 3692">
    <p class='ocr_par' dir='ltr' id='par_1_5' title="bbox 0 0 1200 3692">
     <span class='ocr_line' id='line_1_41' title="bbox 0 0 1200 3692; baseline 0 0"><span class='ocrx_word' id='word_1_282' title='bbox 0 0 1200 3692; x_wconf 95' lang='lat' dir='ltr'> </span> 
     </span>
    </p>
   </div>
  </div>
 </body>
</html>
