2392 3692
285 168 339 217 DE
362 166 646 218 OONJURATIONE
667 167 872 217 CATILINAE.
983 156 1042 218 lll

112 326 235 387 miseriti
259 324 357 466 plebtis
379 324 543 399 Romanae,
564 325 691 386 decretis
711 326 772 386 suis
796 324 915 404 inopiae
935 325 1000 404 ejus

111 407 251 486 opitulati
264 415 352 478 sunt3
374 426 409 467 ac
429 407 600 467 novissume
620 407 765 467 memoria
785 414 897 478 nostra,
911 426 999 485 prop

111 496 156 548 ter
179 454 421 567 magnitudinem
445 488 522 548 aeris
545 487 645 560 alieni,
669 486 840 548 volentibus
860 486 1000 547 omnibus

111 568 204 641 bonis,
219 577 380 647 argentum
400 588 469 629 aere
488 568 622 629 solutum
643 576 695 628 est.
736 566 861 647 Saepe
853 588 919 647 1psa
939 566 1000 647 ple

110 648 169 721 bes,
184 657 239 709 aut
252 649 429 709 dominandi
442 649 543 709 studio
557 657 702 727 permota,
715 657 770 709 aut
782 647 926 728 superbia
938 668 1000 707 ma·
1028 648 1047 708 5

109 730 302 823 gistratum,
330 738 448 790 armata
475 750 494 789 a
522 738 574 807 pat
563 728 659 789 tribus
692 729 819 789 secessit.
873 728 920 788 At
947 749 1001 788 nos

109 830 169 869 non
183 810 345 888 imperium
359 830 455 889 neque
469 810 556 871 divit
535 819 591 869 tras
606 818 656 887 pet
657 809 735 869 imus
736 829 884 902 ,quarum
897 828 999 868 rerum

109 910 201 950 causa
224 889 306 949 bella
330 898 421 969 atque
444 890 612 951 certamina
636 890 738 949 omnia
758 890 838 951 inter
858 887 1000 949 mortales

108 978 189 1042 sunt,
214 970 266 1029 sed
291 969 471 1044 libertatem,
496 990 587 1049 quam
612 989 700 1030 nemo
725 969 821 1030 bonus
847 970 906 1030 nisi
930 990 999 1031 cum

107 1050 212 1110 anima
225 1049 316 1109 simul
330 1050 390 1109 ami
391 1051 450 1111 ttit.
491 1050 535 1110 Te
549 1059 640 1129 atque
653 1059 791 1111 senatum
805 1049 999 1122 obtestamur,
1010 1050 1048 1110 10

107 1129 273 1191 consulatis
301 1130 415 1191 miseris
442 1130 567 1203 civibus,
595 1130 671 1209 legis
697 1130 890 1209 praesidium,
917 1099 999 1210 quod

106 1211 254 1291 iniquitas
280 1211 425 1290 praetoris
452 1211 572 1291 eripuit,
600 1211 782 1284 restituatis3
809 1231 887 1273 neve
913 1211 1000 1272 nobis

106 1312 177 1352 eam
198 1290 447 1352 necessitudinem
467 1291 638 1372 imponatis,
658 1300 694 1352 ut
720 1311 909 1371 quaeramus,
930 1312 1001 1371 quo

105 1393 182 1433 nam
203 1373 292 1434 modo
312 1392 455 1433 maxume
474 1372 533 1432 ulti
553 1372 732 1453 sanguinem
749 1381 885 1433 nostrum
899 1392 1000 1452 perea-

106 1472 199 1596 m34.
221 1530 275 1591 Ad
297 1532 373 1593 haec
398 1533 436 1610 Q.
461 1533 597 1595 Marcius
624 1533 787 1627 respondit,
811 1533 836 1594 si
880 1533 934 1593 uid
960 1532 1000 1593 ab

105 1622 217 1675 senatu
239 1621 339 1691 petere
363 1613 486 1687 vellent,
506 1614 546 1674 ab
566 1614 659 1674 armis
682 1614 847 1686 discedant,
918 1634 1000 1673 mam

105 1694 260 1774 supplices
293 1661 539 1772 proficiscendum
574 1715 610 1755 ea
644 1695 874 1755 mansuetudine
908 1702 1000 1773 atque

107 1774 315 1835 misericordia
328 1783 466 1835 senatum
477 1774 684 1854 populumque
697 1775 870 1836 Romanum
883 1794 1000 1854 semper

107 1855 210 1927 fuisse,
223 1863 258 1915 ut
273 1875 361 1915 nemo
374 1875 519 1934 umquam
539 1855 579 1915 ab
600 1876 635 1915 eo
655 1855 769 1916 frustra
786 1854 938 1916 auxilium
952 1856 1049 1935 pe20

107 1936 223 1996 tiverit.
265 1934 310 1995 At
331 1934 465 1996 Catilina
484 1956 523 1995 ex
544 1935 653 1997 itinere
671 1936 820 2030 plerisque
839 1936 1000 1997 consulari-

110 2016 175 2088 bus,
190 2024 276 2094 praet
277 2035 347 2075 erea
360 2024 483 2095 optumo
497 2016 614 2095 cuique,
626 2016 811 2077 litterast
756 2017 798 2075 mi
799 2017 858 2089 ttit,
872 2037 903 2077 se
917 2015 1000 2075 falsis

108 2094 289 2158 criminibus
313 2096 562 2169 circumventum,
587 2097 731 2175 quoniam
754 2064 912 2157 factioni
903 2096 1000 2155 ιιιιιιιι-

109 2197 216 2238 corum
239 2175 375 2235 resistere
399 2176 577 2255 nequiverit,
556 2177 740 2237 tfortunae
761 2178 874 2249 cedere,
895 2176 1000 2236 Massi-

108 2256 204 2317 liam
195 2276 227 2315 m
239 2255 379 2317 exsilium
389 2257 554 2335 proficisci;
568 2278 628 2317 non
644 2278 702 2336 quo
716 2256 774 2317 sibi
788 2265 856 2318 tant
857 2278 868 2316 1
843 2256 1000 2318 tsceleris
1009 2258 1047 2315 25

109 2337 247 2399 conscius
261 2344 344 2408 esset,
358 2337 410 2396 sed
431 2338 476 2397 uti
497 2358 543 2397 res
563 2338 687 2416 publica
703 2338 806 2416 quieta
824 2338 910 2411 foret,
924 2356 999 2397 neve

109 2440 149 2479 ex
173 2436 230 2477 sua
254 2418 442 2478 contentione
465 2417 571 2477 seditio
591 2418 729 2479 oriretur.
770 2417 823 2478 Ab
843 2418 890 2478 his
910 2417 999 2495 longe

109 2500 246 2559 divorsas
266 2496 382 2558 litteras
396 2497 435 2573 Q
450 2496 577 2558 Catulus
591 2499 623 2558 in
638 2507 744 2559 senatu
759 2499 907 2570 recitavit,
925 2517 999 2576 quas

109 2578 168 2640 sibi
192 2578 313 2638 nomine
337 2576 487 2639 Catilinae
511 2579 644 2639 redditas
667 2579 803 2639 dicebat·
825 2599 929 2638 earum
950 2598 1001 2637 ex-

109 2658 245 2739 emplum
261 2658 499 2737 infrascriptum
514 2669 566 2719 est.
1009 2658 1049 2718 30

151 2740 230 2801 35st
233 2738 286 2798 L.
306 2737 364 2799 Cat
352 2739 491 2815 tilinaQ.
507 2738 625 2800 Catulo
668 2739 800 2833 Egregia
814 2748 868 2799 tua
881 2739 954 2798 fides
968 2759 1000 2797 re

112 2820 243 2899 cognita,
263 2827 353 2898 grata
372 2819 447 2878 mihi
468 2820 584 2898 magnis
605 2821 637 2880 in
658 2822 730 2880 meis
755 2820 904 2899 periculis,
925 2818 999 2878 fidu-
1047 2870 1049 2872 .

112 2902 190 2961 ciam
218 2900 470 2961 commendationi
503 2921 587 2960 meae
621 2900 738 2960 tribuit.
794 2898 1000 2995 Quamobrem

112 2981 348 3043 defensionem
340 3002 373 3040 ιιι
400 3001 478 3042 novo
505 2980 630 3041 consilio
663 3002 724 3041 non
757 2981 850 3041 statui
884 3000 1000 3060 parare,

111 3071 157 3123 sat
145 3062 345 3125 tisfactionem
366 3081 405 3121 ex
426 3061 512 3121 nulla
533 3062 683 3123 conscient
684 3062 714 3122 ia
671 3062 771 3123 tde
788 3060 879 3140 culpa
896 3082 1000 3139 propo·
1010 3060 1048 3118 35

111 3164 182 3203 nere
203 3143 332 3214 decrevi,
347 3162 438 3221 quam
459 3162 506 3201 me
527 3142 594 3202 dius
614 3142 703 3202 fidius
717 3163 821 3204 veram
842 3141 913 3201 licet
935 3162 1000 3219 cog-

111 3244 223 3285 noscas.
279 3222 404 3302 Injuriis
435 3223 681 3302 contumeliisque
716 3223 890 3292 concitatus,
919 3220 1000 3299 quod

111 3304 213 3365 fructu
238 3302 350 3363 laboris
373 3302 501 3362 indust
463 3311 596 3381 tuaeque
618 3324 701 3362 meae
722 3304 860 3379 privatus
886 3308 1000 3358 statum

111 3383 270 3465 dignitatis
291 3404 351 3443 non
372 3382 554 3453 obtinebam,
569 3381 722 3461 publicam
743 3380 919 3437 miserorum
933 3397 1001 3436 cau-

1010 1454 1048 1513 15
