2392 3692
386 182 438 230 nn
458 179 577 229 antro
599 178 845 230 suouarnrrro.
1039 163 1081 227 ol

144 341 270 420 aliquid,
285 340 366 420 quod
380 338 502 400 illorum
521 337 618 417 magis
631 356 724 416 quam
736 356 793 397 sua
805 336 943 398 retulisse
955 337 1036 398 vide

143 430 246 493 retur3
267 421 299 480 id
313 421 388 480 adeo
402 420 433 479 in
447 429 590 498 promptu
604 439 675 491 esse,
689 417 832 496 quoniam
846 417 966 496 copiam
978 416 1034 477 Ju-

143 501 275 580 gurthae
292 500 433 560 haberet:
476 519 543 560 uem
565 499 590 558 si
611 498 757 559 Romanis
776 497 958 570 tradidisset,
972 496 1036 557 fore

144 591 179 642 ut
197 579 245 641 illi
264 580 441 660 plurumum
455 521 634 662 deberetun
654 577 829 651 amicitiam,
844 577 958 649 foedus,
971 573 1036 637 Nu-

143 662 256 722 midiae
270 669 396 740 partem,
408 680 499 739 quam
513 680 595 721 nunc
610 667 733 738 peteret,
743 667 818 719 tunc
831 658 912 718 ultro
925 657 1036 718 adven·
1065 659 1084 717 5

143 753 255 802 turam.
297 741 367 802 Rex
388 741 486 820 primo
506 741 650 820 negitare,
665 739 884 818 cognationem,
897 737 1037 798 adfinita-

144 833 216 895 tem,
231 830 387 902 praeterea
407 821 511 881 foedus
531 820 744 891 intervenisse3
765 819 877 882 adhoc
891 827 1033 891 metuere,

145 924 183 964 ne
210 903 299 962 fluxa
325 901 384 962 fide
412 921 482 963 usus
508 901 703 980 popularium
730 901 845 960 animos
875 908 1035 972 avorteret,

145 984 212 1062 quis
239 993 271 1043 et
298 982 455 1062 Jugurtha
482 1001 570 1042 carus
596 990 627 1041 et
655 979 786 1041 Romani
819 980 909 1042 invisi
940 989 1035 1040 erant.

146 1063 287 1142 Denique
313 1063 431 1142 saepius
457 1061 604 1141 fatigatus
626 1060 749 1134 lenitur,
766 1069 798 1121 et
817 1081 857 1122 ex
878 1060 1085 1121 voluntatelll

145 1143 251 1204 Sullae
275 1143 376 1203 onmia
399 1163 431 1203 se
454 1143 608 1204 facturum
633 1141 792 1220 promittit.
832 1140 976 1202 Ceterum
996 1141 1036 1200 ad

145 1223 350 1284 simulandam
377 1243 491 1303 pacem,
519 1223 606 1302 cujus
633 1221 770 1282 Numida
795 1220 927 1282 defessus
955 1221 1037 1282 bello

144 1305 348 1367 avidissumus
368 1312 442 1376 erat,
459 1323 536 1381 quae
558 1302 647 1363 utilia
663 1303 729 1362 visa
749 1303 945 1363 constituunt.
987 1302 1038 1362 Ita

38 1387 40 1392 ’
146 1385 313 1464 composito
327 1383 395 1444 dolo
409 1383 630 1463 digrediuntur.

186 1466 250 1527 112.
273 1464 319 1525 At
339 1485 393 1524 rex
414 1472 532 1543 postero
552 1464 602 1524 die
622 1462 781 1542 Asparem,
802 1461 977 1542 Jugurthae
997 1462 1085 1522 1e15

145 1555 263 1626 gutum,
278 1544 412 1624 appellat
433 1544 573 1638 dicitque,
589 1543 647 1603 sibi
661 1564 715 1622 per
729 1542 884 1603 Dabarem
898 1565 937 1604 ex
951 1543 1038 1603 Sulla

146 1627 312 1706 cognitum,
333 1645 417 1704 posse
438 1624 663 1685 condicionibus
683 1623 798 1684 bellum
818 1624 910 1703 poni;
935 1645 1037 1702 quam-

147 1707 253 1768 obrem
273 1706 351 1784 regis
371 1705 418 1765 sui
437 1705 618 1765 senteutiam
637 1704 819 1782 exquireret.
861 1703 920 1765 Ille
940 1703 1037 1765 laetus

147 1789 179 1848 in
207 1794 308 1862 eastra
334 1782 508 1864 Jugurthae
534 1784 741 1864 proficiscitur.
783 1784 903 1845 Deinde
923 1784 963 1845 ab
984 1784 1037 1845 illo

148 1876 260 1929 cuncta
285 1865 417 1938 edoctus,
439 1874 599 2005 properato
625 1866 742 1937 itinere,
764 1874 832 1944 post
854 1866 934 1925 diem
958 1865 1086 1926 octa-20

148 1969 221 2010 vum
246 1946 325 2007 redit
349 1947 389 2006 ad
412 1945 493 2007 Boce
516 1966 568 2005 um
592 1954 623 2006 et
646 1946 674 2006 ei
697 1946 829 2019 nuntiat,
849 1945 1037 2024 Jugurtbam

148 2048 259 2108 cupere
280 2028 390 2100 omnia,
404 2047 482 2106 quae
502 2027 732 2105 imperarentur,
747 2026 855 2099 faeere,
869 2028 921 2087 sed
938 2025 1038 2087 Mario

188 2130 257 2169 rum
286 2107 450 2168 confidere:
478 2127 565 2186 saepe
593 2116 683 2167 antea
711 2126 779 2167 cum
807 2107 1039 2187 imperatoribus

147 2131 296 2250 ltflomanis
310 2208 414 2268 pacem
429 2196 609 2248 conventam
627 2187 742 2248 firmtra
755 2187 853 2248 fuisse.
896 2187 1038 2248 Ceterum

147 2269 289 2330 Bocchus
315 2269 341 2329 si
368 2267 514 2329 ambobus
542 2267 713 2329 consultum
746 2277 777 2328 et
807 2277 904 2328 ratam
934 2266 1086 2348 pacem25

148 2350 252 2421 vellet,
276 2348 361 2410 daret
387 2369 518 2428 operam,
539 2358 574 2409 ut
594 2369 657 2408 una
677 2347 716 2408 ab
737 2348 875 2409 omnibus
895 2349 981 2428 quasi
1001 2349 1038 2408 de

148 2451 225 2511 pace
238 2431 271 2489 in
285 2429 467 2509 colloquium
481 2429 646 2502 veniretur,
660 2428 763 2508 ibique
776 2429 834 2489 sibi
847 2428 965 2489 Sullam
978 2439 1038 2488 tra·

149 2511 252 2582 deret;
280 2530 348 2571 eum
376 2509 468 2569 talem
495 2510 595 2570 virum
621 2511 652 2569 in
676 2518 853 2588 potestatem
876 2509 1037 2581 habuisset,

149 2601 216 2652 tum
231 2589 303 2662 fore,
314 2590 360 2649 uti
369 2590 454 2668 jussu
468 2598 589 2650 senatus
603 2597 657 2650 aut
671 2589 775 2668 populi
790 2589 920 2650 Romani
934 2590 1038 2650 foedus

150 2672 244 2744 fieret,
259 2689 356 2750 neque
375 2669 526 2730 hominem
544 2669 685 2742 nobilem,
699 2691 758 2730 non
773 2690 828 2730 sua
841 2670 972 2750 ignavia,
987 2670 1039 2730 sed
1047 2670 1086 2728 30

151 2751 189 2812 ob
203 2772 267 2811 rem
302 2750 444 2824 ublicam,
459 2750 491 2810 in
505 2752 637 2811 hostium
652 2759 799 2830 potestate
813 2750 952 2811 relictum
966 2751 1012 2811 iri.

190 2832 253 2894 113.
310 2851 362 2892 aee
387 2831 514 2892 Maurus
537 2851 639 2892 secum
664 2831 725 2909 ipse
749 2831 800 2890 diu
826 2831 951 2892 volvens
973 2842 1038 2891 tan-

152 2913 220 2972 dem
234 2911 379 2991 promisit,
391 2920 522 2972 ceterum
537 2911 607 2971 dolo
620 2931 660 2970 an
674 2932 744 2972 vere
758 2920 916 2972 cunctatus
930 2932 1037 2990 parum

153 2993 358 3072 comperimus.
400 2991 459 3053 Sed
485 2992 662 3071 plerumque
685 2986 785 3069 regiae
805 2992 984 3064 voluntates,
1003 3001 1038 3050 ut
1154 3061 1166 3066 ·

152 3072 350 3144 vehementes,
371 3073 414 3132 sic
434 3072 568 3144 mobiles,
588 3092 676 3151 saepe
698 3072 780 3151 ipsae
803 3071 861 3131 sibi
884 3072 1037 3133 advorsae.
1047 3069 1086 3128 35

153 3151 259 3213 Postea
286 3162 421 3232 tempore
448 3161 478 3214 et
505 3151 570 3213 loco
597 3153 768 3222 constituto,
796 3152 827 3211 in
855 3152 1037 3230 colloquium

153 3234 198 3293 uti
218 3234 255 3294 de
276 3253 350 3313 paee
364 3233 528 3305 veniretur,
543 3232 682 3292 Bocchus
702 3231 819 3292 Sullam
840 3232 936 3304 modo,
950 3231 1038 3290 modo

153 3311 193 3373 Ju
218 3314 325 3374 urthee
346 3313 481 3392 legatum
502 3334 520 3372 a
579 3312 663 3381 llere,
677 3311 806 3386 benigne
826 3311 946 3379 habere,
960 3311 1039 3367 idem

154 3336 299 3454 ambobus
320 3393 464 3473 polliceri.
507 3333 694 3468 lllieparirer
715 3387 786 3446 laeti
806 3406 842 3445 ac
861 3387 925 3462 spei
944 3385 1040 3442 bonae
