2392 3692
386 154 441 206 nn
459 153 579 204 annno
601 152 848 204 Jooonrmno.
1044 137 1087 200 65

189 311 238 374 76.
259 309 319 387 Sed
333 331 397 383 rex,
412 309 490 370 nihil
506 310 572 389 jam
592 309 740 371 infectum
759 307 886 370 Metello
906 307 1038 381 credens,

146 393 261 473 quippe
274 391 326 471 qui
340 391 450 462 omnia,
461 411 556 462 arma,
567 388 640 462 tela,
650 389 738 462 locos,
749 397 895 469 tempora,
909 389 1039 467 denique

145 481 291 533 naturam
312 471 322 530 i
430 471 536 532 ceteris
556 470 781 550 imperitantem
799 469 950 530 industria
963 469 1039 531 vioe
1118 501 1122 508 -

145 563 206 626 rat,
220 552 327 614 cumli
349 552 407 612 eris
421 560 451 612 et
465 571 578 630 magna
597 560 686 630 parte
704 551 850 630 pecuniae
870 571 909 610 ex
929 549 1039 629 oppido

145 643 241 695 noctu
263 633 415 714 profugit;
443 652 542 711 neque
562 640 667 711 postea
685 632 718 690 in
739 630 803 691 ullo
823 630 889 692 loco
909 630 1039 709 amplius
1067 631 1087 690 5

145 735 209 775 uno
230 714 279 774 die
300 722 353 775 aut
374 733 436 773 una
456 720 544 773 nocte
565 721 708 785 moratus,
725 710 888 772 simulabat
908 731 971 771 sese
990 731 1039 771 ne-

144 795 212 876 goti
232 795 332 874 gratia
352 813 523 874 properare.
565 792 708 853 Ceterum
732 791 932 872 proditionem
955 791 1040 851 time

145 877 212 949 bat,
247 896 318 935 uam
332 875 430 937 vitare
444 893 528 956 posse
543 872 698 934 celeritate
711 872 858 952 putabat:
880 893 951 932 nam
966 872 1040 931 talia

146 896 275 1018 consilia
326 977 342 1015 r
356 956 452 1016 otium
465 963 495 1015 et
509 974 549 1014 ex
563 953 790 1033 opportunitate
800 954 876 1032 oapi.
917 953 962 1012 At
977 952 1040 1012 Me

145 1035 249 1108 tellus,
263 1057 283 1096 u
305 1036 317 1095 i
330 1036 496 1115 oppidanos
509 1034 624 1114 proelio
636 1035 776 1107 intentis,
791 1033 881 1095 simul
894 1033 1039 1112 oppidum
1050 1034 1088 1093 10

145 1127 179 1178 et
203 1116 342 1197 operibus
366 1125 396 1177 et
420 1116 485 1178 loco
510 1115 663 1175 munitum
684 1115 776 1188 videt,
798 1114 880 1176 vallo
903 1114 1040 1192 fossaque

145 1198 268 1257 moenia
282 1197 489 1259 circumvenit.
531 1195 650 1256 Deinde
661 1195 734 1256 locis
746 1215 786 1256 ex
798 1195 888 1274 eopia
897 1215 1040 1254 maxume

145 1278 264 1338 idoneis
277 1278 381 1338 vineas
401 1297 498 1357 agere,
513 1297 655 1356 aggerem
670 1277 774 1356 jacere
793 1284 823 1336 et
843 1295 933 1354 super
953 1295 1040 1354 agge

145 1379 214 1419 rem
238 1358 384 1438 impositis
407 1357 542 1418 turribus
566 1377 642 1437 opus
665 1365 696 1418 et
720 1356 913 1416 administros
936 1355 1040 1415 tutari

145 1439 266 1500 Contra
286 1439 361 1499 haec
382 1437 526 1518 oppidani
546 1437 697 1510 festinare,
711 1457 837 1517 parare3
859 1457 981 1515 prorsus
1001 1435 1041 1497 ab
1051 1437 1088 1496 15

144 1520 286 1598 utrisque
313 1518 391 1579 nihil
418 1518 570 1598 reliquum
597 1518 671 1579 fieri
727 1517 868 1597 Denique
899 1516 1039 1589 Romani,

144 1600 248 1660 multo
262 1608 332 1660 ante
346 1599 448 1660 labore
463 1598 642 1678 proeliisque
654 1599 784 1678 fatigati,
798 1605 865 1679 post
886 1598 949 1657 dies
969 1617 1040 1676 qua-

145 1681 293 1759 draginta
307 1701 397 1760 quam
412 1700 447 1740 eo
460 1689 586 1741 ventum
607 1687 682 1752 erat,
695 1679 806 1758 oppido
826 1678 915 1738 modo
936 1678 1040 1756 potiti;

145 1761 265 1841 praeda
288 1761 384 1820 omnis
408 1759 448 1820 ab
471 1759 607 1839 perfugis
634 1768 785 1839 corrupta
826 1759 855 1818 Ii
882 1767 1041 1838 postquam

146 1861 273 1901 murum
293 1840 436 1901 arietibus
457 1840 541 1901 feriri
561 1860 667 1920 resque
686 1860 756 1900 suas
775 1839 913 1900 adflictas
927 1838 1041 1911 vident,
1051 1840 1089 1901 20

146 1942 261 1982 aurum
282 1930 374 2000 atque
394 1930 554 2000 argentum
574 1929 605 1980 et
625 1920 695 1992 alia,
709 1940 787 1999 quae
807 1920 906 1999 prima
926 1920 1040 1979 ducun-

146 2012 212 2075 tur,
231 2002 355 2062 domum
376 2002 490 2080 regiam
511 2009 710 2080 comportant.
753 2000 802 2060 lbi
815 2001 887 2062 vino
901 2009 932 2060 et
945 1999 1043 2079 epulis

148 2082 269 2143 onerati
287 2082 400 2176 illaque
420 2090 450 2143 et
470 2081 594 2142 domum
607 2090 638 2142 et
651 2090 744 2141 semet
757 2081 821 2160 igni
835 2089 1041 2160 corrumpunt,

147 2171 181 2223 et
195 2183 271 2242 quas
283 2163 358 2224 victl
379 2162 418 2222 ab
439 2161 574 2222 hostibus
595 2182 706 2241 poenas
726 2171 906 2235 metuerant,
920 2183 970 2222 eas
984 2162 1042 2241 ipsi

148 2243 286 2306 volentes
321 2242 476 2322 ependere.
749 2278 759 2294 ι

170 2391 176 2404 ,
192 2325 237 2386 77.
258 2264 320 2384 Sed
338 2323 452 2402 pariter
466 2343 535 2384 eum
549 2332 640 2402 capta
653 2322 752 2384 Thala
772 2322 864 2402 legati
878 2344 917 2383 ex
931 2323 1041 2402 oppido

150 2405 244 2484 Lepti
257 2404 297 2464 ad
311 2403 472 2465 Metellum
485 2412 632 2464 venerant
653 2413 781 2476 orantes,
795 2404 841 2463 uti
857 2405 1042 2483 praesidium

149 2484 398 2566 praefectumque
418 2505 453 2545 eo
473 2484 623 2544 mitteret:
648 2483 858 2544 Hamilcarem
880 2485 1040 2563 quendam,

149 2565 304 2626 hominem
328 2563 469 2638 nobilem,
495 2564 663 2638 factiosum,
687 2565 774 2627 novis
798 2564 887 2625 rebus
911 2565 1040 2638 studere,

151 2646 315 2707 advorsum
329 2666 419 2724 quem
432 2665 530 2724 noque
544 2645 671 2724 imperia
691 2645 923 2724 magistratuum
944 2666 1042 2724 neque
1051 2646 1090 2705 30

151 2727 232 2806 leges
252 2725 405 2798 valerent3
426 2726 459 2785 ni
480 2725 511 2785 id
532 2725 696 2799 festinaret,
717 2726 750 2786 in
770 2746 887 2786 summo
907 2726 1042 2805 periculo

131 2811 238 2867 ‘suam
258 2805 396 2879 salutem,
410 2805 533 2865 illorum
554 2806 647 2866 socios
667 2806 739 2866 fore.
782 2806 863 2866 Nam
884 2806 1041 2885 Leptitani

152 2889 218 2966 jam
239 2887 309 2948 inde
329 2907 349 2947 a
369 2886 518 2966 principio
541 2885 615 2946 belli
636 2886 818 2965 Jugurthini
843 2888 883 2947 ad
907 2887 1041 2948 Bestiam

152 2967 304 3029 consulem
325 2976 355 3028 et
374 2975 478 3047 postea
499 2967 628 3027 Romam
650 2969 794 3028 miserant
814 2968 979 3028 amicitiam
999 2990 1042 3029 se

153 3049 352 3126 cietatemque
379 3056 527 3126 rogatum.
569 3046 697 3120 Deinde,
725 3047 779 3108 ubi
807 3068 843 3107 ea
862 3049 1040 3127 impetrata,
1051 3048 1088 3107 35

152 3148 269 3208 semper
282 3127 354 3188 boni
371 3127 531 3207 fidelesque
552 3148 688 3187 mansere
708 3136 738 3188 et
760 3138 869 3188 cuncta
890 3149 909 3188 a
929 3127 1041 3200 Bestia,

92 3213 104 3231 ⁹
153 3208 268 3269 Albino
283 3208 467 3286 Metelloque
481 3209 631 3286 imperata
650 3228 729 3268 nave
750 3207 891 3267 fecerant.
934 3207 1042 3287 Itaque

153 3289 192 3349 ab
206 3289 386 3368 imperatore
400 3287 490 3348 facile
504 3308 581 3365 quae
596 3287 740 3365 petebant
754 3287 865 3365 adepti.
907 3287 1043 3346 Emissae

263 3383 367 3435 b-Sal

1052 2243 1090 2301 25
