<?xml version="1.0" encoding="UTF-8"?>
<!DOCTYPE html PUBLIC "-//W3C//DTD XHTML 1.0 Transitional//EN"
    "http://www.w3.org/TR/xhtml1/DTD/xhtml1-transitional.dtd">
<html xmlns="http://www.w3.org/1999/xhtml" xml:lang="en" lang="en">
 <head>
  <title>
</title>
<meta http-equiv="Content-Type" content="text/html;charset=utf-8" />
  <meta name='ocr-system' content='tesseract 3.04.00' />
  <meta name='ocr-capabilities' content='ocr_page ocr_carea ocr_par ocr_line ocrx_word'/>
</head>
<body>
  <div class='ocr_page' id='page_1' title='image "./csallusticrispi00stuagoog_0026.png"; bbox 0 0 2392 3692; ppageno 0'>
   <div class='ocr_carea' id='block_1_1' title="bbox 107 111 849 202">
    <p class='ocr_par' dir='ltr' id='par_1_1' title="bbox 107 111 849 202">
     <span class='ocr_line' id='line_1_1' title="bbox 107 111 849 202; baseline 0 -2"><span class='ocrx_word' id='word_1_1' title='bbox 107 120 161 202; x_wconf 73' lang='lat'>&#39;18</span> <span class='ocrx_word' id='word_1_2' title='bbox 251 117 253 122; x_wconf 62' lang='grc'><strong>’</strong></span> <span class='ocrx_word' id='word_1_3' title='bbox 407 149 434 202; x_wconf 82' lang='lat'>0.</span> <span class='ocrx_word' id='word_1_4' title='bbox 453 150 635 202; x_wconf 72' lang='lat' dir='ltr'>srrrusrr</span> <span class='ocrx_word' id='word_1_5' title='bbox 656 150 775 202; x_wconf 76' lang='lat' dir='ltr'>caram</span> <span class='ocrx_word' id='word_1_6' title='bbox 845 111 849 118; x_wconf 60' lang='grc'><strong>’</strong></span> 
     </span>
    </p>
   </div>
   <div class='ocr_carea' id='block_1_2' title="bbox 117 309 1084 3452">
    <p class='ocr_par' dir='ltr' id='par_1_2' title="bbox 166 309 1056 633">
     <span class='ocr_line' id='line_1_2' title="bbox 168 309 1056 390; baseline 0.001 -18"><span class='ocrx_word' id='word_1_7' title='bbox 168 315 185 342; x_wconf 85' lang='lat'>‘⁴</span> <span class='ocrx_word' id='word_1_8' title='bbox 195 309 369 390; x_wconf 86' lang='lat' dir='ltr'>Jugurthae</span> <span class='ocrx_word' id='word_1_9' title='bbox 395 309 442 370; x_wconf 87' lang='lat' dir='ltr'>tui</span> <span class='ocrx_word' id='word_1_10' title='bbox 468 309 549 371; x_wconf 91' lang='lat' dir='ltr'>bello</span> <span class='ocrx_word' id='word_1_11' title='bbox 576 309 767 370; x_wconf 90' lang='lat' dir='ltr'>Numantino</span> <span class='ocrx_word' id='word_1_12' title='bbox 793 310 883 389; x_wconf 86' lang='lat' dir='ltr'>longe</span> <span class='ocrx_word' id='word_1_13' title='bbox 910 331 1056 373; x_wconf 84' lang='lat' dir='ltr'>maxuma</span> 
     </span>
     <span class='ocr_line' id='line_1_3' title="bbox 166 390 1054 470; baseline 0.001 -17"><span class='ocrx_word' id='word_1_14' title='bbox 166 393 264 454; x_wconf 87' lang='lat' dir='ltr'>virtus</span> <span class='ocrx_word' id='word_1_15' title='bbox 285 391 352 464; x_wconf 79' lang='lat' dir='ltr'>fuit</span> <span class='ocrx_word' id='word_1_16' title='bbox 373 411 465 470; x_wconf 91' lang='lat' dir='ltr'>quam</span> <span class='ocrx_word' id='word_1_17' title='bbox 493 412 556 451; x_wconf 90' lang='lat' dir='ltr'>rem</span> <span class='ocrx_word' id='word_1_18' title='bbox 583 390 641 451; x_wconf 90' lang='lat' dir='ltr'>tibi</span> <span class='ocrx_word' id='word_1_19' title='bbox 670 399 751 452; x_wconf 89' lang='lat' dir='ltr'>certo</span> <span class='ocrx_word' id='word_1_20' title='bbox 771 391 832 451; x_wconf 88' lang='lat' dir='ltr'>scio</span> <span class='ocrx_word' id='word_1_21' title='bbox 851 391 963 470; x_wconf 89' lang='lat' dir='ltr'>gaudio</span> <span class='ocrx_word' id='word_1_22' title='bbox 983 412 1054 454; x_wconf 88' lang='lat' dir='ltr'>esse.</span> 
     </span>
     <span class='ocr_line' id='line_1_4' title="bbox 167 471 1055 544; baseline 0.003 -12"><span class='ocrx_word' id='word_1_23' title='bbox 167 471 263 533; x_wconf 90' lang='lat' dir='ltr'>Nobis</span> <span class='ocrx_word' id='word_1_24' title='bbox 284 471 322 532; x_wconf 95' lang='lat' dir='ltr'>ob</span> <span class='ocrx_word' id='word_1_25' title='bbox 343 473 451 532; x_wconf 87' lang='lat' dir='ltr'>merita</span> <span class='ocrx_word' id='word_1_26' title='bbox 471 492 526 532; x_wconf 92' lang='lat' dir='ltr'>sua</span> <span class='ocrx_word' id='word_1_27' title='bbox 547 492 634 533; x_wconf 89' lang='lat' dir='ltr'>carus</span> <span class='ocrx_word' id='word_1_28' title='bbox 654 481 715 544; x_wconf 89' lang='lat' dir='ltr'>est;</span> <span class='ocrx_word' id='word_1_29' title='bbox 736 480 771 532; x_wconf 92' lang='lat' dir='ltr'>ut</span> <span class='ocrx_word' id='word_1_30' title='bbox 790 471 870 532; x_wconf 91' lang='lat' dir='ltr'>idem</span> <span class='ocrx_word' id='word_1_31' title='bbox 888 474 1006 533; x_wconf 89' lang='lat' dir='ltr'>senatui</span> <span class='ocrx_word' id='word_1_32' title='bbox 1025 484 1055 535; x_wconf 88' lang='lat' dir='ltr'>et</span> 
     </span>
     <span class='ocr_line' id='line_1_5' title="bbox 166 553 1055 633; baseline 0.001 -19"><span class='ocrx_word' id='word_1_33' title='bbox 166 553 278 633; x_wconf 94' lang='lat' dir='ltr'>populo</span> <span class='ocrx_word' id='word_1_34' title='bbox 313 553 451 614; x_wconf 87' lang='lat' dir='ltr'>Romano</span> <span class='ocrx_word' id='word_1_35' title='bbox 484 553 532 626; x_wconf 89' lang='lat' dir='ltr'>sit,</span> <span class='ocrx_word' id='word_1_36' title='bbox 562 573 680 613; x_wconf 89' lang='lat' dir='ltr'>summa</span> <span class='ocrx_word' id='word_1_37' title='bbox 707 573 763 632; x_wconf 91' lang='lat' dir='ltr'>ope</span> <span class='ocrx_word' id='word_1_38' title='bbox 790 553 930 614; x_wconf 85' lang='lat' dir='ltr'><strong>nitemur.</strong></span> <span class='ocrx_word' id='word_1_39' title='bbox 985 553 1055 615; x_wconf 87' lang='lat' dir='ltr'>Tibi</span> 
     </span>
    </p>

    <p class='ocr_par' dir='ltr' id='par_1_3' title="bbox 139 633 1056 1037">
     <span class='ocr_line' id='line_1_6' title="bbox 139 633 1055 727; baseline 0.002 -33"><span class='ocrx_word' id='word_1_40' title='bbox 139 634 287 727; x_wconf 81' lang='lat' dir='ltr'>bquidem</span> <span class='ocrx_word' id='word_1_41' title='bbox 315 655 370 712; x_wconf 92' lang='lat' dir='ltr'>pro</span> <span class='ocrx_word' id='word_1_42' title='bbox 397 643 499 694; x_wconf 89' lang='lat' dir='ltr'>nostra</span> <span class='ocrx_word' id='word_1_43' title='bbox 526 633 660 695; x_wconf 87' lang='lat' dir='ltr'>amicitia</span> <span class='ocrx_word' id='word_1_44' title='bbox 686 633 833 713; x_wconf 89' lang='lat' dir='ltr'>gratulor</span> <span class='ocrx_word' id='word_1_45' title='bbox 884 634 936 694; x_wconf 89' lang='lat' dir='ltr'>En</span> <span class='ocrx_word' id='word_1_46' title='bbox 962 633 1055 696; x_wconf 89' lang='lat' dir='ltr'>habes</span> 
     </span>
     <span class='ocr_line' id='line_1_7' title="bbox 165 714 1055 795; baseline 0 -19"><span class='ocrx_word' id='word_1_47' title='bbox 165 715 267 776; x_wconf 85' lang='lat' dir='ltr'>virum</span> <span class='ocrx_word' id='word_1_48' title='bbox 288 714 415 793; x_wconf 91' lang='lat' dir='ltr'>dignum</span> <span class='ocrx_word' id='word_1_49' title='bbox 428 724 459 775; x_wconf 85' lang='lat' dir='ltr'>te</span> <span class='ocrx_word' id='word_1_50' title='bbox 472 724 564 794; x_wconf 87' lang='lat' dir='ltr'>atque</span> <span class='ocrx_word' id='word_1_51' title='bbox 584 735 643 775; x_wconf 91' lang='lat' dir='ltr'>avo</span> <span class='ocrx_word' id='word_1_52' title='bbox 656 734 710 775; x_wconf 91' lang='lat' dir='ltr'>suo</span> <span class='ocrx_word' id='word_1_53' title='bbox 724 715 912 776; x_wconf 87' lang='lat' dir='ltr'>Masinissa&#39;&#39;</span> <span class='ocrx_word' id='word_1_54' title='bbox 954 715 1055 795; x_wconf 84' lang='lat' dir='ltr'><strong>Igitur</strong></span> 
     </span>
     <span class='ocr_line' id='line_1_8' title="bbox 166 793 1055 890; baseline 0.003 -36"><span class='ocrx_word' id='word_1_55' title='bbox 166 815 230 868; x_wconf 88' lang='lat' dir='ltr'>rex,</span> <span class='ocrx_word' id='word_1_56' title='bbox 251 793 305 854; x_wconf 89' lang='lat' dir='ltr'>ubi</span> <span class='ocrx_word' id='word_1_57' title='bbox 325 815 369 868; x_wconf 88' lang='lat' dir='ltr'>ea,</span> <span class='ocrx_word' id='word_1_58' title='bbox 391 815 469 874; x_wconf 84' lang='lat' dir='ltr'>quae</span> <span class='ocrx_word' id='word_1_59' title='bbox 489 795 572 856; x_wconf 85' lang='lat' dir='ltr'>fama</span> <span class='ocrx_word' id='word_1_60' title='bbox 593 804 759 890; x_wconf 73' lang='lat' dir='ltr'>acceperat3</span> <span class='ocrx_word' id='word_1_61' title='bbox 773 816 813 856; x_wconf 86' lang='lat' dir='ltr'>ex</span> <span class='ocrx_word' id='word_1_62' title='bbox 833 796 971 856; x_wconf 89' lang='lat' dir='ltr'>litteris</span> <span class='ocrx_word' id='word_1_63' title='bbox 962 817 1055 876; x_wconf 82' lang='lat' dir='ltr'>lmpe</span> 
     </span>
     <span class='ocr_line' id='line_1_9' title="bbox 165 876 1055 970; baseline 0.003 -35"><span class='ocrx_word' id='word_1_64' title='bbox 165 876 273 936; x_wconf 83' lang='lat' dir='ltr'>tatoris</span> <span class='ocrx_word' id='word_1_65' title='bbox 300 876 344 936; x_wconf 89' lang='lat' dir='ltr'>ita</span> <span class='ocrx_word' id='word_1_66' title='bbox 371 897 432 937; x_wconf 88' lang='lat' dir='ltr'>esse</span> <span class='ocrx_word' id='word_1_67' title='bbox 459 877 609 970; x_wconf 77' lang='lat' dir='ltr'>cognovit,</span> <span class='ocrx_word' id='word_1_68' title='bbox 634 896 703 936; x_wconf 88' lang='lat' dir='ltr'>eum</span> <span class='ocrx_word' id='word_1_69' title='bbox 727 877 841 938; x_wconf 88' lang='lat' dir='ltr'>virtute</span> <span class='ocrx_word' id='word_1_70' title='bbox 865 885 931 936; x_wconf 92' lang='lat' dir='ltr'>tum</span> <span class='ocrx_word' id='word_1_71' title='bbox 954 879 1055 956; x_wconf 88' lang='lat' dir='ltr'>gratia</span> 
     </span>
     <span class='ocr_line' id='line_1_10' title="bbox 165 957 1056 1051; baseline 0.003 -33"><span class='ocrx_word' id='word_1_72' title='bbox 165 957 224 1018; x_wconf 86' lang='lat' dir='ltr'>viri</span> <span class='ocrx_word' id='word_1_73' title='bbox 248 965 402 1051; x_wconf 82' lang='lat' dir='ltr'>permotus</span> <span class='ocrx_word' id='word_1_74' title='bbox 426 957 512 1017; x_wconf 87' lang='lat' dir='ltr'>flexit</span> <span class='ocrx_word' id='word_1_75' title='bbox 500 957 673 1017; x_wconf 88' lang='lat' dir='ltr'>tanimum</span> <span class='ocrx_word' id='word_1_76' title='bbox 699 978 787 1018; x_wconf 90' lang='lat' dir='ltr'>suum</span> <span class='ocrx_word' id='word_1_77' title='bbox 811 966 842 1018; x_wconf 90' lang='lat' dir='ltr'>et</span> <span class='ocrx_word' id='word_1_78' title='bbox 865 957 1056 1037; x_wconf 86' lang='lat' dir='ltr'>Jugurtham</span> 
     </span>
    </p>

    <p class='ocr_par' dir='ltr' id='par_1_4' title="bbox 121 1033 1054 1441">
     <span class='ocr_line' id='line_1_11' title="bbox 121 1033 1054 1118; baseline -0.001 -18.983"><span class='ocrx_word' id='word_1_79' title='bbox 121 1033 316 1099; x_wconf 85' lang='lat' dir='ltr'>lObeneficiis</span> <span class='ocrx_word' id='word_1_80' title='bbox 350 1038 471 1099; x_wconf 86' lang='lat' dir='ltr'>vincere</span> <span class='ocrx_word' id='word_1_81' title='bbox 511 1058 668 1117; x_wconf 74' lang='lat' dir='ltr'>aggressus</span> <span class='ocrx_word' id='word_1_82' title='bbox 702 1048 754 1113; x_wconf 90' lang='lat' dir='ltr'>est,</span> <span class='ocrx_word' id='word_1_83' title='bbox 788 1039 951 1118; x_wconf 79' lang='lat' dir='ltr'>statimque</span> <span class='ocrx_word' id='word_1_84' title='bbox 983 1059 1054 1099; x_wconf 89' lang='lat' dir='ltr'>eum</span> 
     </span>
     <span class='ocr_line' id='line_1_12' title="bbox 165 1118 1054 1212; baseline 0.001 -34"><span class='ocrx_word' id='word_1_85' title='bbox 165 1118 324 1212; x_wconf 89' lang='lat' dir='ltr'>adoptavit</span> <span class='ocrx_word' id='word_1_86' title='bbox 345 1128 375 1178; x_wconf 89' lang='lat' dir='ltr'>et</span> <span class='ocrx_word' id='word_1_87' title='bbox 394 1127 575 1184; x_wconf 86' lang='lat' dir='ltr'>testamento</span> <span class='ocrx_word' id='word_1_88' title='bbox 594 1119 708 1198; x_wconf 88' lang='lat' dir='ltr'>pariter</span> <span class='ocrx_word' id='word_1_89' title='bbox 729 1140 798 1180; x_wconf 89' lang='lat' dir='ltr'>cum</span> <span class='ocrx_word' id='word_1_90' title='bbox 818 1118 889 1180; x_wconf 85' lang='lat' dir='ltr'>filiis</span> <span class='ocrx_word' id='word_1_91' title='bbox 912 1119 1054 1180; x_wconf 85' lang='lat' dir='ltr'><strong>heredem</strong></span> 
     </span>
     <span class='ocr_line' id='line_1_13' title="bbox 166 1197 1084 1280; baseline 0.002 -21"><span class='ocrx_word' id='word_1_92' title='bbox 166 1199 307 1259; x_wconf 86' lang='lat' dir='ltr'>instituit.</span> <span class='ocrx_word' id='word_1_93' title='bbox 348 1197 435 1260; x_wconf 80' lang='lat' dir='ltr'>Sed</span> <span class='ocrx_word' id='word_1_94' title='bbox 428 1220 491 1278; x_wconf 80' lang='lat' dir='ltr'>lpse</span> <span class='ocrx_word' id='word_1_95' title='bbox 511 1220 622 1279; x_wconf 85' lang='lat' dir='ltr'>paucos</span> <span class='ocrx_word' id='word_1_96' title='bbox 642 1209 709 1278; x_wconf 91' lang='lat' dir='ltr'>post</span> <span class='ocrx_word' id='word_1_97' title='bbox 730 1221 823 1260; x_wconf 89' lang='lat' dir='ltr'>annos</span> <span class='ocrx_word' id='word_1_98' title='bbox 842 1199 946 1260; x_wconf 90' lang='lat' dir='ltr'>morbo</span> <span class='ocrx_word' id='word_1_99' title='bbox 962 1209 1084 1280; x_wconf 90' lang='lat' dir='ltr'>atque</span> 
     </span>
     <span class='ocr_line' id='line_1_14' title="bbox 165 1279 1054 1341; baseline 0.001 -1"><span class='ocrx_word' id='word_1_100' title='bbox 165 1288 265 1340; x_wconf 87' lang='lat' dir='ltr'>aetate</span> <span class='ocrx_word' id='word_1_101' title='bbox 286 1280 439 1341; x_wconf 85' lang='lat' dir='ltr'>confectus</span> <span class='ocrx_word' id='word_1_102' title='bbox 460 1301 529 1340; x_wconf 89' lang='lat' dir='ltr'>cum</span> <span class='ocrx_word' id='word_1_103' title='bbox 550 1279 607 1340; x_wconf 89' lang='lat' dir='ltr'>sibi</span> <span class='ocrx_word' id='word_1_104' title='bbox 627 1279 719 1340; x_wconf 89' lang='lat' dir='ltr'><strong>finem</strong></span> <span class='ocrx_word' id='word_1_105' title='bbox 739 1281 822 1341; x_wconf 86' lang='lat' dir='ltr'>vitae</span> <span class='ocrx_word' id='word_1_106' title='bbox 845 1281 947 1341; x_wconf 82' lang='lat' dir='ltr'>adesse</span> <span class='ocrx_word' id='word_1_107' title='bbox 967 1281 1054 1341; x_wconf 91' lang='lat' dir='ltr'>intel-</span> 
     </span>
     <span class='ocr_line' id='line_1_15' title="bbox 165 1361 1054 1441; baseline 0.003 -21"><span class='ocrx_word' id='word_1_108' title='bbox 165 1361 286 1440; x_wconf 89' lang='lat' dir='ltr'>legeret,</span> <span class='ocrx_word' id='word_1_109' title='bbox 300 1381 402 1420; x_wconf 86' lang='lat' dir='ltr'>coram</span> <span class='ocrx_word' id='word_1_110' title='bbox 419 1361 524 1422; x_wconf 89' lang='lat' dir='ltr'>amicis</span> <span class='ocrx_word' id='word_1_111' title='bbox 538 1371 568 1421; x_wconf 88' lang='lat' dir='ltr'>et</span> <span class='ocrx_word' id='word_1_112' title='bbox 582 1362 717 1440; x_wconf 86' lang='lat' dir='ltr'>cognatis</span> <span class='ocrx_word' id='word_1_113' title='bbox 731 1361 863 1441; x_wconf 91' lang='lat' dir='ltr'>itemque</span> <span class='ocrx_word' id='word_1_114' title='bbox 877 1361 1054 1423; x_wconf 82' lang='lat' dir='ltr'><strong>Adherbale</strong></span> 
     </span>
    </p>

    <p class='ocr_par' dir='ltr' id='par_1_5' title="bbox 118 1441 1053 1585">
     <span class='ocr_line' id='line_1_16' title="bbox 118 1441 1053 1522; baseline 0.001 -20"><span class='ocrx_word' id='word_1_115' title='bbox 118 1443 195 1502; x_wconf 78' lang='lat' dir='ltr'>lbet</span> <span class='ocrx_word' id='word_1_116' title='bbox 213 1441 391 1521; x_wconf 86' lang='lat' dir='ltr'>Hiempsale</span> <span class='ocrx_word' id='word_1_117' title='bbox 412 1441 481 1502; x_wconf 89' lang='lat' dir='ltr'>filiis</span> <span class='ocrx_word' id='word_1_118' title='bbox 503 1441 615 1503; x_wconf 87' lang='lat' dir='ltr'>dicitur</span> <span class='ocrx_word' id='word_1_119' title='bbox 636 1442 760 1522; x_wconf 91' lang='lat' dir='ltr'>hujusce</span> <span class='ocrx_word' id='word_1_120' title='bbox 776 1443 858 1503; x_wconf 91' lang='lat' dir='ltr'>modi</span> <span class='ocrx_word' id='word_1_121' title='bbox 871 1441 965 1504; x_wconf 85' lang='lat' dir='ltr'>verba</span> <span class='ocrx_word' id='word_1_122' title='bbox 984 1463 1053 1504; x_wconf 92' lang='lat' dir='ltr'>cum</span> 
     </span>
     <span class='ocr_line' id='line_1_17' title="bbox 164 1521 481 1602; baseline -0.003 -18"><span class='ocrx_word' id='word_1_123' title='bbox 164 1523 230 1602; x_wconf 89' lang='lat' dir='ltr'>Jug</span> <span class='ocrx_word' id='word_1_124' title='bbox 229 1521 322 1582; x_wconf 90' lang='lat' dir='ltr'>urtha</span> <span class='ocrx_word' id='word_1_125' title='bbox 335 1521 481 1583; x_wconf 86' lang='lat' dir='ltr'>habuisse.</span> 
     </span>
    </p>

    <p class='ocr_par' dir='ltr' id='par_1_6' title="bbox 164 1602 1053 1843">
     <span class='ocr_line' id='line_1_18' title="bbox 204 1602 1053 1698; baseline 0.001 -34"><span class='ocrx_word' id='word_1_126' title='bbox 204 1603 281 1664; x_wconf 87' lang='lat'>10.‘</span> <span class='ocrx_word' id='word_1_127' title='bbox 284 1603 436 1666; x_wconf 87' lang='lat' dir='ltr'>‘Parvum</span> <span class='ocrx_word' id='word_1_128' title='bbox 450 1624 514 1698; x_wconf 90' lang='lat' dir='ltr'>ego,</span> <span class='ocrx_word' id='word_1_129' title='bbox 528 1602 550 1664; x_wconf 88' lang='lat' dir='ltr'>J</span> <span class='ocrx_word' id='word_1_130' title='bbox 552 1603 694 1682; x_wconf 86' lang='lat' dir='ltr'>ugurtha</span> <span class='ocrx_word' id='word_1_131' title='bbox 708 1611 739 1663; x_wconf 90' lang='lat' dir='ltr'>te</span> <span class='ocrx_word' id='word_1_132' title='bbox 760 1603 867 1663; x_wconf 89' lang='lat' dir='ltr'>amisso</span> <span class='ocrx_word' id='word_1_133' title='bbox 880 1612 976 1682; x_wconf 89' lang='lat' dir='ltr'>patre,</span> <span class='ocrx_word' id='word_1_134' title='bbox 989 1605 1053 1665; x_wconf 90' lang='lat' dir='ltr'>sine</span> 
     </span>
     <span class='ocr_line' id='line_1_19' title="bbox 164 1684 1053 1764; baseline 0.002 -20"><span class='ocrx_word' id='word_1_135' title='bbox 164 1704 225 1764; x_wconf 91' lang='lat' dir='ltr'>spe,</span> <span class='ocrx_word' id='word_1_136' title='bbox 249 1684 313 1745; x_wconf 90' lang='lat' dir='ltr'>sine</span> <span class='ocrx_word' id='word_1_137' title='bbox 337 1684 484 1764; x_wconf 88' lang='lat' dir='ltr'>opibus,</span> <span class='ocrx_word' id='word_1_138' title='bbox 476 1705 508 1744; x_wconf 91' lang='lat' dir='ltr'>1n</span> <span class='ocrx_word' id='word_1_139' title='bbox 530 1704 658 1762; x_wconf 89' lang='lat' dir='ltr'>regnum</span> <span class='ocrx_word' id='word_1_140' title='bbox 682 1704 782 1744; x_wconf 92' lang='lat' dir='ltr'>meum</span> <span class='ocrx_word' id='word_1_141' title='bbox 806 1685 918 1762; x_wconf 86' lang='lat' dir='ltr'>accepi,</span> <span class='ocrx_word' id='word_1_142' title='bbox 941 1685 1053 1746; x_wconf 85' lang='lat' dir='ltr'>existu-</span> 
     </span>
     <span class='ocr_line' id='line_1_20' title="bbox 165 1763 1052 1843; baseline 0 -19"><span class='ocrx_word' id='word_1_143' title='bbox 165 1785 251 1826; x_wconf 85' lang='lat' dir='ltr'>mans</span> <span class='ocrx_word' id='word_1_144' title='bbox 264 1786 325 1826; x_wconf 91' lang='lat' dir='ltr'>non</span> <span class='ocrx_word' id='word_1_145' title='bbox 339 1766 439 1825; x_wconf 91' lang='lat' dir='ltr'>minus</span> <span class='ocrx_word' id='word_1_146' title='bbox 457 1785 505 1825; x_wconf 92' lang='lat' dir='ltr'>me</span> <span class='ocrx_word' id='word_1_147' title='bbox 522 1763 580 1825; x_wconf 87' lang='lat' dir='ltr'>tibi</span> <span class='ocrx_word' id='word_1_148' title='bbox 598 1785 690 1843; x_wconf 88' lang='lat' dir='ltr'>quam</span> <span class='ocrx_word' id='word_1_149' title='bbox 705 1763 853 1837; x_wconf 48' lang='lat' dir='ltr'>liberios</span> <span class='ocrx_word' id='word_1_150' title='bbox 830 1785 856 1824; x_wconf 92' lang='lat' dir='ltr'>s1</span> <span class='ocrx_word' id='word_1_151' title='bbox 875 1766 1052 1843; x_wconf 86' lang='lat' dir='ltr'>genuissem,</span> 
     </span>
    </p>

    <p class='ocr_par' dir='ltr' id='par_1_7' title="bbox 118 1845 1053 2248">
     <span class='ocr_line' id='line_1_21' title="bbox 118 1845 1053 1924; baseline 0 -18"><span class='ocrx_word' id='word_1_152' title='bbox 118 1847 157 1908; x_wconf 81' lang='lat'>20</span> <span class='ocrx_word' id='word_1_153' title='bbox 165 1847 203 1907; x_wconf 95' lang='lat' dir='ltr'>ob</span> <span class='ocrx_word' id='word_1_154' title='bbox 227 1846 372 1908; x_wconf 89' lang='lat' dir='ltr'>beneficia</span> <span class='ocrx_word' id='word_1_155' title='bbox 397 1866 501 1906; x_wconf 89' lang='lat' dir='ltr'>carum</span> <span class='ocrx_word' id='word_1_156' title='bbox 525 1846 606 1918; x_wconf 82' lang='lat' dir='ltr'>fore3</span> <span class='ocrx_word' id='word_1_157' title='bbox 627 1865 725 1924; x_wconf 89' lang='lat' dir='ltr'>neque</span> <span class='ocrx_word' id='word_1_158' title='bbox 749 1865 784 1905; x_wconf 90' lang='lat' dir='ltr'>ea</span> <span class='ocrx_word' id='word_1_159' title='bbox 805 1865 852 1905; x_wconf 88' lang='lat' dir='ltr'>rea</span> <span class='ocrx_word' id='word_1_160' title='bbox 876 1845 987 1905; x_wconf 87' lang='lat' dir='ltr'>falsum</span> <span class='ocrx_word' id='word_1_161' title='bbox 1005 1867 1053 1906; x_wconf 87' lang='lat' dir='ltr'>me</span> 
     </span>
     <span class='ocr_line' id='line_1_22' title="bbox 165 1926 1053 2012; baseline 0.002 -26"><span class='ocrx_word' id='word_1_162' title='bbox 165 1927 289 1987; x_wconf 87' lang='lat' dir='ltr'>habuit.</span> <span class='ocrx_word' id='word_1_163' title='bbox 323 1927 414 2000; x_wconf 86' lang='lat' dir='ltr'>Nam,</span> <span class='ocrx_word' id='word_1_164' title='bbox 436 1936 470 1987; x_wconf 93' lang='lat' dir='ltr'>ut</span> <span class='ocrx_word' id='word_1_165' title='bbox 491 1926 552 1986; x_wconf 87' lang='lat' dir='ltr'>alia</span> <span class='ocrx_word' id='word_1_166' title='bbox 572 1946 684 2005; x_wconf 91' lang='lat' dir='ltr'>magna</span> <span class='ocrx_word' id='word_1_167' title='bbox 704 1935 735 1986; x_wconf 90' lang='lat' dir='ltr'>et</span> <span class='ocrx_word' id='word_1_168' title='bbox 755 1927 876 2012; x_wconf 87' lang='lat' dir='ltr'>egregia</span> <span class='ocrx_word' id='word_1_169' title='bbox 895 1935 949 1986; x_wconf 85' lang='lat' dir='ltr'>tua</span> <span class='ocrx_word' id='word_1_170' title='bbox 969 1928 1053 1988; x_wconf 89' lang='lat' dir='ltr'>omit-</span> 
     </span>
     <span class='ocr_line' id='line_1_23' title="bbox 164 2006 1053 2100; baseline 0 -31"><span class='ocrx_word' id='word_1_171' title='bbox 164 2018 238 2081; x_wconf 87' lang='lat' dir='ltr'>tam,</span> <span class='ocrx_word' id='word_1_172' title='bbox 249 2009 417 2070; x_wconf 84' lang='lat' dir='ltr'>novissume</span> <span class='ocrx_word' id='word_1_173' title='bbox 432 2008 548 2068; x_wconf 89' lang='lat' dir='ltr'>rediens</span> <span class='ocrx_word' id='word_1_174' title='bbox 562 2006 733 2067; x_wconf 85' lang='lat' dir='ltr'>Numantia</span> <span class='ocrx_word' id='word_1_175' title='bbox 746 2028 853 2100; x_wconf 81' lang='lat' dir='ltr'>meque</span> <span class='ocrx_word' id='word_1_176' title='bbox 866 2028 1053 2088; x_wconf 88' lang='lat' dir='ltr'>regnumque</span> 
     </span>
     <span class='ocr_line' id='line_1_24' title="bbox 165 2087 1053 2182; baseline 0.001 -34"><span class='ocrx_word' id='word_1_177' title='bbox 165 2108 266 2149; x_wconf 91' lang='lat' dir='ltr'>meum</span> <span class='ocrx_word' id='word_1_178' title='bbox 290 2088 408 2182; x_wconf 41' lang='lat' dir='ltr'>gloria·</span> <span class='ocrx_word' id='word_1_179' title='bbox 410 2088 596 2182; x_wconf 74' lang='lat' dir='ltr'>honorayisti</span> <span class='ocrx_word' id='word_1_180' title='bbox 572 2096 734 2166; x_wconf 87' lang='lat' dir='ltr'>ttuaque</span> <span class='ocrx_word' id='word_1_181' title='bbox 754 2088 868 2149; x_wconf 89' lang='lat' dir='ltr'>virtute</span> <span class='ocrx_word' id='word_1_182' title='bbox 887 2087 973 2149; x_wconf 89' lang='lat' dir='ltr'>nobis</span> <span class='ocrx_word' id='word_1_183' title='bbox 993 2088 1053 2149; x_wconf 90' lang='lat' dir='ltr'>Ro·</span> 
     </span>
     <span class='ocr_line' id='line_1_25' title="bbox 166 2168 1053 2248; baseline 0.001 -19"><span class='ocrx_word' id='word_1_184' title='bbox 166 2190 270 2229; x_wconf 86' lang='lat' dir='ltr'>manos</span> <span class='ocrx_word' id='word_1_185' title='bbox 290 2190 329 2229; x_wconf 88' lang='lat' dir='ltr'>ex</span> <span class='ocrx_word' id='word_1_186' title='bbox 350 2169 453 2229; x_wconf 90' lang='lat' dir='ltr'>amicis</span> <span class='ocrx_word' id='word_1_187' title='bbox 474 2169 679 2229; x_wconf 81' lang='lat' dir='ltr'>amicissumos</span> <span class='ocrx_word' id='word_1_188' title='bbox 699 2168 805 2229; x_wconf 85' lang='lat' dir='ltr'>fecisti.</span> <span class='ocrx_word' id='word_1_189' title='bbox 847 2168 885 2228; x_wconf 93' lang='lat' dir='ltr'>In</span> <span class='ocrx_word' id='word_1_190' title='bbox 900 2169 1053 2248; x_wconf 89' lang='lat' dir='ltr'>Hispania</span> 
     </span>
    </p>

    <p class='ocr_par' dir='ltr' id='par_1_8' title="bbox 118 2249 1054 2652">
     <span class='ocr_line' id='line_1_26' title="bbox 118 2249 1053 2328; baseline 0 -18"><span class='ocrx_word' id='word_1_191' title='bbox 118 2251 156 2311; x_wconf 82' lang='lat'>25</span> <span class='ocrx_word' id='word_1_192' title='bbox 165 2270 275 2310; x_wconf 89' lang='lat' dir='ltr'>nomen</span> <span class='ocrx_word' id='word_1_193' title='bbox 302 2249 435 2309; x_wconf 88' lang='lat' dir='ltr'>familiae</span> <span class='ocrx_word' id='word_1_194' title='bbox 463 2258 643 2310; x_wconf 90' lang='lat' dir='ltr'>renovatum</span> <span class='ocrx_word' id='word_1_195' title='bbox 670 2257 723 2310; x_wconf 88' lang='lat' dir='ltr'>est.</span> <span class='ocrx_word' id='word_1_196' title='bbox 780 2249 944 2322; x_wconf 88' lang='lat' dir='ltr'>Postremo,</span> <span class='ocrx_word' id='word_1_197' title='bbox 971 2251 1053 2328; x_wconf 93' lang='lat' dir='ltr'>quod</span> 
     </span>
     <span class='ocr_line' id='line_1_27' title="bbox 165 2329 1053 2409; baseline 0 -19"><span class='ocrx_word' id='word_1_198' title='bbox 165 2329 387 2392; x_wconf 90' lang='lat' dir='ltr'>difficillumum</span> <span class='ocrx_word' id='word_1_199' title='bbox 415 2330 494 2390; x_wconf 90' lang='lat' dir='ltr'>inter</span> <span class='ocrx_word' id='word_1_200' title='bbox 522 2329 664 2390; x_wconf 87' lang='lat' dir='ltr'>mortales</span> <span class='ocrx_word' id='word_1_201' title='bbox 694 2339 746 2402; x_wconf 90' lang='lat' dir='ltr'>est,</span> <span class='ocrx_word' id='word_1_202' title='bbox 774 2329 871 2409; x_wconf 90' lang='lat' dir='ltr'>gloria</span> <span class='ocrx_word' id='word_1_203' title='bbox 904 2330 1053 2391; x_wconf 89' lang='lat' dir='ltr'>invidiam</span> 
     </span>
     <span class='ocr_line' id='line_1_28' title="bbox 164 2409 1054 2489; baseline -0.001 -16"><span class='ocrx_word' id='word_1_204' title='bbox 164 2411 271 2473; x_wconf 79' lang='lat' dir='ltr'>vicisti.</span> <span class='ocrx_word' id='word_1_205' title='bbox 313 2410 414 2483; x_wconf 90' lang='lat' dir='ltr'>Nunc,</span> <span class='ocrx_word' id='word_1_206' title='bbox 442 2411 585 2489; x_wconf 90' lang='lat' dir='ltr'>quoniam</span> <span class='ocrx_word' id='word_1_207' title='bbox 613 2410 689 2470; x_wconf 92' lang='lat' dir='ltr'>mihi</span> <span class='ocrx_word' id='word_1_208' title='bbox 715 2419 827 2470; x_wconf 89' lang='lat' dir='ltr'>natura</span> <span class='ocrx_word' id='word_1_209' title='bbox 854 2409 944 2470; x_wconf 91' lang='lat' dir='ltr'>finem</span> <span class='ocrx_word' id='word_1_210' title='bbox 971 2411 1054 2472; x_wconf 88' lang='lat' dir='ltr'>vitae</span> 
     </span>
     <span class='ocr_line' id='line_1_29' title="bbox 164 2458 1052 2571; baseline 0 -19"><span class='ocrx_word' id='word_1_211' title='bbox 164 2493 247 2564; x_wconf 86' lang='lat' dir='ltr'>facit,</span> <span class='ocrx_word' id='word_1_212' title='bbox 272 2512 325 2571; x_wconf 88' lang='lat' dir='ltr'>per</span> <span class='ocrx_word' id='word_1_213' title='bbox 349 2458 428 2552; x_wconf 84' lang='lat' dir='ltr'>haric</span> <span class='ocrx_word' id='word_1_214' title='bbox 452 2490 619 2564; x_wconf 85' lang='lat' dir='ltr'>dexteram,</span> <span class='ocrx_word' id='word_1_215' title='bbox 644 2511 698 2570; x_wconf 92' lang='lat' dir='ltr'>per</span> <span class='ocrx_word' id='word_1_216' title='bbox 725 2492 811 2571; x_wconf 88' lang='lat' dir='ltr'>regni</span> <span class='ocrx_word' id='word_1_217' title='bbox 832 2491 923 2552; x_wconf 88' lang='lat' dir='ltr'>fidem</span> <span class='ocrx_word' id='word_1_218' title='bbox 947 2513 1052 2552; x_wconf 89' lang='lat' dir='ltr'>moneo</span> 
     </span>
     <span class='ocr_line' id='line_1_30' title="bbox 165 2570 1052 2652; baseline -0.001 -19"><span class='ocrx_word' id='word_1_219' title='bbox 165 2572 261 2633; x_wconf 89' lang='lat' dir='ltr'>obtest</span> <span class='ocrx_word' id='word_1_220' title='bbox 249 2580 356 2651; x_wconf 89' lang='lat' dir='ltr'>torque</span> <span class='ocrx_word' id='word_1_221' title='bbox 378 2580 417 2644; x_wconf 88' lang='lat' dir='ltr'>te,</span> <span class='ocrx_word' id='word_1_222' title='bbox 438 2572 484 2632; x_wconf 85' lang='lat' dir='ltr'>uti</span> <span class='ocrx_word' id='word_1_223' title='bbox 509 2572 571 2644; x_wconf 93' lang='lat' dir='ltr'>hos,</span> <span class='ocrx_word' id='word_1_224' title='bbox 592 2571 646 2650; x_wconf 92' lang='lat' dir='ltr'>qui</span> <span class='ocrx_word' id='word_1_225' title='bbox 669 2570 727 2631; x_wconf 90' lang='lat' dir='ltr'>tibi</span> <span class='ocrx_word' id='word_1_226' title='bbox 750 2593 857 2651; x_wconf 88' lang='lat' dir='ltr'>genere</span> <span class='ocrx_word' id='word_1_227' title='bbox 880 2573 1052 2652; x_wconf 89' lang='lat' dir='ltr'>propinqui,</span> 
     </span>
    </p>

    <p class='ocr_par' dir='ltr' id='par_1_9' title="bbox 117 2651 1053 3055">
     <span class='ocr_line' id='line_1_31' title="bbox 117 2651 1053 2726; baseline 0.001 -13"><span class='ocrx_word' id='word_1_228' title='bbox 117 2654 156 2714; x_wconf 86' lang='lat'>30</span> <span class='ocrx_word' id='word_1_229' title='bbox 164 2652 308 2714; x_wconf 84' lang='lat' dir='ltr'>beneficio</span> <span class='ocrx_word' id='word_1_230' title='bbox 329 2672 394 2712; x_wconf 89' lang='lat' dir='ltr'>meo</span> <span class='ocrx_word' id='word_1_231' title='bbox 415 2651 524 2712; x_wconf 87' lang='lat' dir='ltr'>fratrea</span> <span class='ocrx_word' id='word_1_232' title='bbox 543 2661 623 2726; x_wconf 88' lang='lat' dir='ltr'>sunt,</span> <span class='ocrx_word' id='word_1_233' title='bbox 643 2673 727 2714; x_wconf 87' lang='lat' dir='ltr'>caros</span> <span class='ocrx_word' id='word_1_234' title='bbox 746 2652 866 2725; x_wconf 87' lang='lat' dir='ltr'>habeas,</span> <span class='ocrx_word' id='word_1_235' title='bbox 885 2674 944 2712; x_wconf 90' lang='lat' dir='ltr'>neu</span> <span class='ocrx_word' id='word_1_236' title='bbox 965 2652 1053 2714; x_wconf 87' lang='lat' dir='ltr'>malis</span> 
     </span>
     <span class='ocr_line' id='line_1_32' title="bbox 164 2733 1051 2827; baseline 0.001 -34"><span class='ocrx_word' id='word_1_237' title='bbox 164 2733 277 2795; x_wconf 93' lang='lat' dir='ltr'>alienos</span> <span class='ocrx_word' id='word_1_238' title='bbox 291 2734 456 2827; x_wconf 84' lang='lat' dir='ltr'>adjungere</span> <span class='ocrx_word' id='word_1_239' title='bbox 467 2753 558 2812; x_wconf 90' lang='lat' dir='ltr'>quam</span> <span class='ocrx_word' id='word_1_240' title='bbox 572 2734 719 2812; x_wconf 86' lang='lat' dir='ltr'>sanguine</span> <span class='ocrx_word' id='word_1_241' title='bbox 730 2734 904 2812; x_wconf 88' lang='lat' dir='ltr'>conjunctos</span> <span class='ocrx_word' id='word_1_242' title='bbox 915 2734 1051 2794; x_wconf 90' lang='lat' dir='ltr'>retinere</span> 
     </span>
     <span class='ocr_line' id='line_1_33' title="bbox 164 2813 1052 2894; baseline 0 -19"><span class='ocrx_word' id='word_1_243' title='bbox 164 2814 235 2875; x_wconf 88' lang='lat' dir='ltr'>Non</span> <span class='ocrx_word' id='word_1_244' title='bbox 256 2815 407 2875; x_wconf 87' lang='lat' dir='ltr'>exercitus</span> <span class='ocrx_word' id='word_1_245' title='bbox 427 2834 523 2892; x_wconf 89' lang='lat' dir='ltr'>neque</span> <span class='ocrx_word' id='word_1_246' title='bbox 544 2813 679 2882; x_wconf 86' lang='lat' dir='ltr'>thesauri</span> <span class='ocrx_word' id='word_1_247' title='bbox 698 2814 848 2893; x_wconf 86' lang='lat' dir='ltr'>praesidia</span> <span class='ocrx_word' id='word_1_248' title='bbox 868 2815 953 2894; x_wconf 88' lang='lat' dir='ltr'>regni</span> <span class='ocrx_word' id='word_1_249' title='bbox 972 2824 1052 2888; x_wconf 86' lang='lat' dir='ltr'>sunt,</span> 
     </span>
     <span class='ocr_line' id='line_1_34' title="bbox 164 2895 1053 2974; baseline 0 -18"><span class='ocrx_word' id='word_1_250' title='bbox 164 2916 271 2957; x_wconf 92' lang='lat' dir='ltr'>verum</span> <span class='ocrx_word' id='word_1_251' title='bbox 295 2895 392 2968; x_wconf 85' lang='lat' dir='ltr'>amici,</span> <span class='ocrx_word' id='word_1_252' title='bbox 412 2915 485 2973; x_wconf 79' lang='lat' dir='ltr'>quos</span> <span class='ocrx_word' id='word_1_253' title='bbox 505 2914 603 2974; x_wconf 88' lang='lat' dir='ltr'>neque</span> <span class='ocrx_word' id='word_1_254' title='bbox 623 2895 715 2954; x_wconf 90' lang='lat' dir='ltr'>armis</span> <span class='ocrx_word' id='word_1_255' title='bbox 735 2915 839 2974; x_wconf 89' lang='lat' dir='ltr'>cogere</span> <span class='ocrx_word' id='word_1_256' title='bbox 860 2915 959 2974; x_wconf 90' lang='lat' dir='ltr'>neque</span> <span class='ocrx_word' id='word_1_257' title='bbox 978 2916 1053 2956; x_wconf 91' lang='lat' dir='ltr'>auro</span> 
     </span>
     <span class='ocr_line' id='line_1_35' title="bbox 164 2974 1052 3055; baseline 0 -19"><span class='ocrx_word' id='word_1_258' title='bbox 164 2997 273 3055; x_wconf 90' lang='lat' dir='ltr'>parare</span> <span class='ocrx_word' id='word_1_259' title='bbox 287 2995 395 3055; x_wconf 87' lang='lat' dir='ltr'>queas:</span> <span class='ocrx_word' id='word_1_260' title='bbox 417 2975 513 3036; x_wconf 86' lang='lat' dir='ltr'>officio</span> <span class='ocrx_word' id='word_1_261' title='bbox 527 2984 557 3035; x_wconf 89' lang='lat' dir='ltr'>et</span> <span class='ocrx_word' id='word_1_262' title='bbox 572 2974 631 3035; x_wconf 91' lang='lat' dir='ltr'>fide</span> <span class='ocrx_word' id='word_1_263' title='bbox 645 2975 814 3054; x_wconf 90' lang='lat' dir='ltr'>pariuntur.</span> <span class='ocrx_word' id='word_1_264' title='bbox 857 2975 935 3052; x_wconf 73' lang='lat' dir='ltr'>Quis</span> <span class='ocrx_word' id='word_1_265' title='bbox 950 2985 1052 3036; x_wconf 90' lang='lat' dir='ltr'>autem</span> 
     </span>
    </p>

    <p class='ocr_par' dir='ltr' id='par_1_10' title="bbox 117 3055 1052 3440">
     <span class='ocr_line' id='line_1_36' title="bbox 117 3055 1052 3149; baseline 0.001 -33"><span class='ocrx_word' id='word_1_266' title='bbox 117 3057 155 3116; x_wconf 85' lang='lat'>35</span> <span class='ocrx_word' id='word_1_267' title='bbox 164 3057 290 3118; x_wconf 90' lang='lat' dir='ltr'>amicior</span> <span class='ocrx_word' id='word_1_268' title='bbox 316 3076 408 3149; x_wconf 81' lang='lat' dir='ltr'>quam</span> <span class='ocrx_word' id='word_1_269' title='bbox 436 3056 530 3116; x_wconf 85' lang='lat' dir='ltr'>frater</span> <span class='ocrx_word' id='word_1_270' title='bbox 558 3055 668 3116; x_wconf 85' lang='lat' dir='ltr'>fratri?</span> <span class='ocrx_word' id='word_1_271' title='bbox 708 3056 775 3116; x_wconf 86' lang='lat' dir='ltr'>Aut</span> <span class='ocrx_word' id='word_1_272' title='bbox 802 3077 891 3135; x_wconf 91' lang='lat' dir='ltr'>quem</span> <span class='ocrx_word' id='word_1_273' title='bbox 918 3057 1052 3117; x_wconf 91' lang='lat' dir='ltr'>alienum</span> 
     </span>
     <span class='ocr_line' id='line_1_37' title="bbox 164 3136 1052 3230; baseline 0.002 -34"><span class='ocrx_word' id='word_1_274' title='bbox 164 3136 295 3197; x_wconf 90' lang='lat' dir='ltr'>fidum</span> <span class='ocrx_word' id='word_1_275' title='bbox 287 3137 429 3209; x_wconf 68' lang='lat' dir='ltr'>mvenioa</span> <span class='ocrx_word' id='word_1_276' title='bbox 457 3137 482 3197; x_wconf 91' lang='lat' dir='ltr'>si</span> <span class='ocrx_word' id='word_1_277' title='bbox 512 3136 572 3196; x_wconf 91' lang='lat' dir='ltr'>tuis</span> <span class='ocrx_word' id='word_1_278' title='bbox 607 3137 700 3197; x_wconf 88' lang='lat' dir='ltr'>hostis</span> <span class='ocrx_word' id='word_1_279' title='bbox 734 3137 846 3230; x_wconf 81' lang='lat' dir='ltr'>fueris?</span> <span class='ocrx_word' id='word_1_280' title='bbox 900 3136 929 3196; x_wconf 89' lang='lat' dir='ltr'><strong>E</strong></span> <span class='ocrx_word' id='word_1_281' title='bbox 930 3137 1052 3215; x_wconf 92' lang='lat' dir='ltr'>quidem</span> 
     </span>
     <span class='ocr_line' id='line_1_38' title="bbox 164 3216 1051 3297; baseline -0.001 -19"><span class='ocrx_word' id='word_1_282' title='bbox 164 3238 201 3297; x_wconf 90' lang='lat' dir='ltr'>eg</span> <span class='ocrx_word' id='word_1_283' title='bbox 201 3238 219 3278; x_wconf 90' lang='lat'>0</span> <span class='ocrx_word' id='word_1_284' title='bbox 239 3216 324 3278; x_wconf 90' lang='lat' dir='ltr'>vobis</span> <span class='ocrx_word' id='word_1_285' title='bbox 348 3236 474 3296; x_wconf 90' lang='lat' dir='ltr'>regnum</span> <span class='ocrx_word' id='word_1_286' title='bbox 496 3217 583 3278; x_wconf 82' lang='lat' dir='ltr'>trado</span> <span class='ocrx_word' id='word_1_287' title='bbox 604 3216 736 3289; x_wconf 83' lang='lat' dir='ltr'>firmum,</span> <span class='ocrx_word' id='word_1_288' title='bbox 757 3218 781 3277; x_wconf 92' lang='lat' dir='ltr'>si</span> <span class='ocrx_word' id='word_1_289' title='bbox 802 3217 873 3277; x_wconf 89' lang='lat' dir='ltr'>boni</span> <span class='ocrx_word' id='word_1_290' title='bbox 893 3219 985 3292; x_wconf 87' lang='lat' dir='ltr'>eritis,</span> <span class='ocrx_word' id='word_1_291' title='bbox 1005 3218 1051 3277; x_wconf 91' lang='lat' dir='ltr'>sin</span> 
     </span>
     <span class='ocr_line' id='line_1_39' title="bbox 164 3239 1051 3377; baseline 0.003 -21"><span class='ocrx_word' id='word_1_292' title='bbox 164 3239 245 3370; x_wconf 90' lang='lat' dir='ltr'>mali,</span> <span class='ocrx_word' id='word_1_293' title='bbox 268 3298 463 3358; x_wconf 90' lang='lat' dir='ltr'>imbecillum.</span> <span class='ocrx_word' id='word_1_294' title='bbox 505 3296 586 3357; x_wconf 88' lang='lat' dir='ltr'>Nam</span> <span class='ocrx_word' id='word_1_295' title='bbox 608 3265 768 3359; x_wconf 84' lang='lat' dir='ltr'>concordia</span> <span class='ocrx_word' id='word_1_296' title='bbox 787 3319 900 3377; x_wconf 90' lang='lat' dir='ltr'>parvae</span> <span class='ocrx_word' id='word_1_297' title='bbox 921 3319 967 3359; x_wconf 89' lang='lat' dir='ltr'>res</span> <span class='ocrx_word' id='word_1_298' title='bbox 991 3319 1051 3359; x_wconf 80' lang='lat' dir='ltr'>ore</span> 
     </span>
     <span class='ocr_line' id='line_1_40' title="bbox 164 3377 1051 3452; baseline 0.002 -14"><span class='ocrx_word' id='word_1_299' title='bbox 164 3387 261 3452; x_wconf 90' lang='lat' dir='ltr'>scunt,</span> <span class='ocrx_word' id='word_1_300' title='bbox 289 3378 438 3439; x_wconf 83' lang='lat' dir='ltr'>discordia</span> <span class='ocrx_word' id='word_1_301' title='bbox 473 3397 634 3438; x_wconf 84' lang='lat' dir='ltr'>maxumae</span> <span class='ocrx_word' id='word_1_302' title='bbox 669 3377 854 3439; x_wconf 89' lang='lat' dir='ltr'>dilabuntur</span> <span class='ocrx_word' id='word_1_303' title='bbox 910 3379 1051 3440; x_wconf 87' lang='lat' dir='ltr'>Ceterum</span> 
     </span>
    </p>
   </div>
   <div class='ocr_carea' id='block_1_3' title="bbox 0 0 1200 3692">
    <p class='ocr_par' dir='ltr' id='par_1_11' title="bbox 0 0 1200 3692">
     <span class='ocr_line' id='line_1_41' title="bbox 0 0 1200 3692; baseline 0 1"><span class='ocrx_word' id='word_1_304' title='bbox 0 0 1200 3692; x_wconf 95' lang='lat' dir='ltr'> </span> 
     </span>
    </p>
   </div>
  </div>
 </body>
</html>
