2392 3692
308 127 362 176 nn
385 124 668 178 courusnrroun
690 124 895 177 onrltmna’.
1027 111 1070 176 95

133 281 246 346 bitione
261 292 406 363 corrupta
421 283 595 344 tenebatur:
617 304 654 345 ac
674 304 731 357 me,
746 304 816 344 cum
836 283 876 343 ab
897 281 1024 363 reliquo-

132 385 201 424 rum
215 365 303 425 malis
317 364 451 425 moribus
464 364 661 437 dissentirem,
675 363 772 424 nihilo
786 365 886 423 minus
904 364 1024 425 honoris

132 446 243 586 cupiqo
271 445 386 518 eadem,
413 465 490 524 quae
517 454 639 518 eeteros,
665 444 749 505 fama
782 453 874 524 atque
908 444 1024 505 invidia

130 546 212 586 vexa
233 535 274 587 at.

170 608 200 669 ‘is
223 606 325 686 Igitur
337 605 391 665 ubi
405 605 523 666 animus
536 626 575 667 ex
590 605 695 666 multis
715 605 843 666 miseriis
862 614 954 684 atque
973 626 1023 685 pe
1049 608 1070 665 b

129 686 235 747 riculis
250 686 407 766 requievit,
422 694 452 746 et
466 686 541 745 mihi
555 686 703 765 reliquam
723 686 888 747 aetatem‘a
901 706 934 746 re
969 686 1023 746 ub

128 766 190 828 lica
218 767 325 846 procul
353 766 524 827 habendam
551 767 680 840 decrevi,
701 787 762 826 non
782 767 842 827 fuit
863 787 898 828 co
936 766 1022 826 '’um

127 848 268 908 socordia
281 855 372 926 atque
386 847 499 908 desidia
513 847 626 907 bonum
640 848 735 907 otium
749 856 912 920 conterere,
926 867 1023 940 neque

127 949 202 989 vero
224 949 332 1007 agrum
353 927 478 988 colendo
498 937 552 987 aut
566 929 715 1000 venando,
728 927 889 989 servilibus
908 927 1022 1002 officris,

127 1008 283 1069 intentum
303 1016 433 1068 aetatem
451 1028 557 1087 agere;
577 1009 630 1068 sed
650 1029 749 1087 aquo
769 1009 891 1088 incepto
910 1008 1021 1069 studio
1031 1009 1070 1068 10

127 1110 188 1168 que
214 1109 262 1149 me
286 1088 412 1148 ambitio
435 1089 517 1148 mala
540 1089 720 1163 detinuerat,
744 1089 848 1150 eodem
871 1109 1022 1169 regressus

126 1169 225 1230 statui
249 1189 296 1230 res
320 1177 417 1248 gestas
441 1169 546 1248 populi
570 1168 701 1230 Romani
721 1170 859 1249 carptim,
877 1181 913 1231 ut
932 1191 1022 1250 quae·

126 1271 188 1328 que
209 1250 355 1310 memoria
375 1249 467 1329 digna
480 1249 674 1323 videbantur,
687 1250 887 1329 perscribere;
907 1271 943 1311 eo
960 1271 1021 1310 ma-

125 1332 183 1410 gis,
206 1330 286 1409 quod
312 1329 387 1389 mihi
411 1351 430 1390 a
453 1351 512 1470 sqe,
534 1339 628 1403 metu,
636 1330 789 1472 Cpartibus
811 1331 855 1391 rei
879 1329 1021 1412 publicae

126 1412 251 1471 animus
265 1409 342 1470 liber
355 1419 429 1470 erat.
488 1411 571 1490 gitur
585 1411 623 1471 de
662 1411 787 1472 atilinae
803 1412 1020 1491 conjuratione,
1031 1410 1068 1470 15

126 1511 224 1570 quam
248 1491 411 1552 verissume
435 1500 547 1570 potero,
569 1492 673 1570 paucis
697 1491 869 1553 absolvam:
891 1513 963 1552 nam
987 1493 1019 1552 ld

126 1571 250 1634 facinus
267 1572 299 1630 in
315 1571 420 1650 primis
440 1592 495 1651 ego
516 1570 711 1632 memorabile
731 1572 881 1634 existumo
901 1572 1021 1633 sceleris

126 1661 222 1732 atque
236 1652 364 1732 periculi
378 1652 520 1713 novitate.
562 1651 612 1713 De
630 1653 716 1732 cujus
735 1653 866 1714 hominis
886 1653 1021 1713 moribus

125 1753 230 1874 {auca
243 1733 327 1811 prius
341 1732 535 1811 explananda
548 1742 628 1805 sunt,
639 1753 732 1813 quam
742 1734 863 1794 initium
874 1733 1020 1795 narrandi

140 1813 250 1874 aciam.
1030 1815 1069 1874 20

170 1895 199 1956 5.
223 1893 259 1952 L.
275 1891 418 1966 Catilina,
433 1892 527 1953 nobili
547 1913 658 1972 genere
677 1902 775 1968 natus,
790 1895 850 1954 fuit
865 1915 976 1974 magna
988 1894 1020 1955 vi

126 1983 160 2034 et
189 1973 283 2034 animi
310 1982 341 2034 et
369 1974 509 2053 corporis,
530 1973 581 2033 sed
608 1974 729 2052 ingenio
752 1975 833 2036 malo
856 1995 1019 2055 pravoque.

127 2055 216 2115 Huic
230 2053 269 2114 ab
283 2053 488 2115 adulescentia
502 2053 583 2114 bella
596 2054 747 2129 intestina,
758 2056 872 2129 caedes,
887 2056 1019 2136 rapinae

128 2135 282 2196 discordia
296 2134 393 2196 civilis
406 2143 494 2214 grata
508 2135 601 2207 fuere,
616 2135 717 2214 ibique
726 2137 921 2216 juventutem
934 2157 1021 2198 suam

128 2215 276 2276 exercuit.
324 2213 441 2293 Corpus
460 2216 578 2294 patiens
599 2215 727 2291 inediae,
747 2217 867 2298 algoris,
888 2218 1020 2297 vigiliae,
1030 2219 1068 2278 25

127 2317 164 2357 su
188 2316 222 2356 ra
237 2315 329 2374 quam
343 2296 483 2374 cuiquam
498 2296 641 2357 credibile
660 2307 713 2358 est.
755 2299 886 2359 Animus
906 2298 1020 2371 audax,

128 2398 163 2438 su
208 2375 283 2449 olus,
298 2376 410 2449 varius,
429 2376 513 2455 cujus
534 2378 577 2436 rei
598 2377 684 2439 lubet
703 2378 862 2440 simulator
881 2399 917 2440 ac
938 2380 1020 2440 dissi*

129 2457 282 2529 mulator;
311 2456 402 2516 alieni
429 2466 582 2536 appetens,
610 2459 657 2518 sui
684 2459 832 2538 profusus,
853 2459 962 2520 ardens
988 2461 1021 2519 in

129 2537 366 2617 cupiditatibus3
393 2537 465 2597 satis
492 2537 690 2618 eloquentiae,
714 2560 748 2600 sa
768 2539 879 2600 ientiae
902 2560 1020 2618 parum.

129 2619 245 2680 Vastus
266 2619 385 2678 animus
405 2617 612 2690 immoderata,
627 2561 826 2693 incredibilia,
845 2620 935 2680 nimis
955 2621 1020 2681 alta
1029 2620 1069 2681 30

128 2719 248 2778 semper
272 2697 421 2792 cupiebat.
464 2698 559 2760 Hunc
587 2708 653 2777 post
680 2700 915 2762 dominationem
943 2701 1021 2762 Luci

129 2779 234 2840 Sullae
254 2778 359 2838 lubrdo
381 2799 526 2850 maxuma
546 2780 698 2840 invaserat
719 2781 762 2840 rei
783 2781 923 2860 publicae
942 2782 1021 2862 oapi-

129 2858 348 2938 undequaque
361 2858 392 2918 id
408 2859 516 2938 quibus
530 2861 626 2920 modis
640 2861 862 2939 adsequeretur,
873 2862 947 2922 dum
960 2862 1019 2923 sibi

129 2960 259 3020 regnum
279 2948 411 3020 pararet,
432 2940 594 3019 quicquam
616 2941 700 3019 pensi
721 2941 862 3003 habebat.
914 2942 1022 3022 Agita-

130 3019 222 3081 batur
243 3021 338 3100 magis
359 3020 514 3100 magisque
534 3021 565 3080 in
587 3021 650 3081 dies
671 3022 790 3082 animus
810 3022 896 3083 ferox
917 3023 1020 3102 inopia
1030 3024 1068 3083 35

130 3101 175 3161 rei
196 3101 354 3162 familiaris
375 3110 405 3162 et
427 3101 609 3162 conscientia
628 3101 784 3176 scelerum,
798 3124 876 3183 quae
892 3112 1021 3183 utraque

130 3182 172 3242 eis
193 3181 309 3242 artibus
330 3190 468 3254 auxerat,
487 3203 562 3260 quas
582 3203 675 3261 supra
694 3184 867 3244 memoravi.
910 3183 1021 3244 Incita-

130 3261 207 3322 bant
233 3271 389 3342 praeterea
417 3263 551 3340 corrupti
579 3262 711 3323 civitatis
735 3283 841 3333 mores,
862 3283 935 3340 quos
959 3284 1021 3340 pes

131 3362 219 3402 suma
229 3363 265 3403 ac
276 3343 395 3403 divorsa
405 3342 485 3401 inter
494 3361 525 3401 se
536 3342 626 3412 mala,
637 3340 762 3398 luxuria
776 3349 867 3416 atque
881 3341 1020 3410 avaritia,
