<?xml version="1.0" encoding="UTF-8"?>
<!DOCTYPE html PUBLIC "-//W3C//DTD XHTML 1.0 Transitional//EN"
    "http://www.w3.org/TR/xhtml1/DTD/xhtml1-transitional.dtd">
<html xmlns="http://www.w3.org/1999/xhtml" xml:lang="en" lang="en">
 <head>
  <title>
</title>
<meta http-equiv="Content-Type" content="text/html;charset=utf-8" />
  <meta name='ocr-system' content='tesseract 3.04.00' />
  <meta name='ocr-capabilities' content='ocr_page ocr_carea ocr_par ocr_line ocrx_word'/>
</head>
<body>
  <div class='ocr_page' id='page_1' title='image "./csallusticrispi00stuagoog_0136.png"; bbox 0 0 2392 3692; ppageno 0'>
   <div class='ocr_carea' id='block_1_1' title="bbox 124 156 777 221">
    <p class='ocr_par' dir='ltr' id='par_1_1' title="bbox 124 156 777 221">
     <span class='ocr_line' id='line_1_1' title="bbox 124 156 777 221; baseline 0.005 -3"><span class='ocrx_word' id='word_1_1' title='bbox 124 156 186 219; x_wconf 85' lang='lat'>128</span> <span class='ocrx_word' id='word_1_2' title='bbox 297 216 299 221; x_wconf 84' lang='lat'>.</span> <span class='ocrx_word' id='word_1_3' title='bbox 410 170 435 221; x_wconf 76' lang='grc' dir='ltr'>ο.</span> <span class='ocrx_word' id='word_1_4' title='bbox 456 170 634 221; x_wconf 68' lang='grc' dir='ltr'>εΑιιΠεΤ]</span> <span class='ocrx_word' id='word_1_5' title='bbox 657 171 777 221; x_wconf 78' lang='lat' dir='ltr'>onrsm</span> 
     </span>
    </p>
   </div>
   <div class='ocr_carea' id='block_1_2' title="bbox 123 326 1066 2241">
    <p class='ocr_par' dir='ltr' id='par_1_2' title="bbox 143 326 1066 1051">
     <span class='ocr_line' id='line_1_2' title="bbox 169 326 1065 409; baseline 0.004 -22"><span class='ocrx_word' id='word_1_6' title='bbox 169 327 267 409; x_wconf 92' lang='lat' dir='ltr'>gloria</span> <span class='ocrx_word' id='word_1_7' title='bbox 287 326 359 388; x_wconf 90' lang='lat' dir='ltr'>belli</span> <span class='ocrx_word' id='word_1_8' title='bbox 381 327 488 389; x_wconf 79' lang='lat' dir='ltr'>Gallos</span> <span class='ocrx_word' id='word_1_9' title='bbox 508 338 579 389; x_wconf 91' lang='lat' dir='ltr'>ante</span> <span class='ocrx_word' id='word_1_10' title='bbox 601 328 754 390; x_wconf 85' lang='lat' dir='ltr'>Romanos</span> <span class='ocrx_word' id='word_1_11' title='bbox 775 331 873 392; x_wconf 83' lang='lat' dir='ltr'>fuisse.</span> <span class='ocrx_word' id='word_1_12' title='bbox 916 330 967 393; x_wconf 85' lang='lat' dir='ltr'>Aa</span> <span class='ocrx_word' id='word_1_13' title='bbox 988 332 1065 392; x_wconf 92' lang='lat' dir='ltr'>mihi</span> 
     </span>
     <span class='ocr_line' id='line_1_3' title="bbox 170 408 1066 491; baseline 0.004 -22"><span class='ocrx_word' id='word_1_14' title='bbox 170 408 267 469; x_wconf 90' lang='lat' dir='ltr'>multa</span> <span class='ocrx_word' id='word_1_15' title='bbox 294 408 423 486; x_wconf 76' lang='lat' dir='ltr'><strong>agitanti</strong></span> <span class='ocrx_word' id='word_1_16' title='bbox 451 408 617 481; x_wconf 77' lang='lat' dir='ltr'>constabat,</span> <span class='ocrx_word' id='word_1_17' title='bbox 646 431 813 489; x_wconf 90' lang='lat' dir='ltr'>paucorum</span> <span class='ocrx_word' id='word_1_18' title='bbox 841 412 956 472; x_wconf 85' lang='lat' dir='ltr'>civium</span> <span class='ocrx_word' id='word_1_19' title='bbox 983 433 1066 491; x_wconf 79' lang='lat' dir='ltr'>egre</span> 
     </span>
     <span class='ocr_line' id='line_1_4' title="bbox 169 488 1065 570; baseline 0.006 -22"><span class='ocrx_word' id='word_1_20' title='bbox 169 490 250 569; x_wconf 83' lang='lat' dir='ltr'>giam</span> <span class='ocrx_word' id='word_1_21' title='bbox 268 488 412 549; x_wconf 90' lang='lat' dir='ltr'>virtutem</span> <span class='ocrx_word' id='word_1_22' title='bbox 435 498 545 549; x_wconf 89' lang='lat' dir='ltr'>cuncta</span> <span class='ocrx_word' id='word_1_23' title='bbox 565 491 740 569; x_wconf 77' lang='lat' dir='ltr'>patravisse,</span> <span class='ocrx_word' id='word_1_24' title='bbox 761 512 855 570; x_wconf 88' lang='lat' dir='ltr'>eoque</span> <span class='ocrx_word' id='word_1_25' title='bbox 876 492 1004 565; x_wconf 87' lang='lat' dir='ltr'>factum,</span> <span class='ocrx_word' id='word_1_26' title='bbox 1019 494 1065 553; x_wconf 90' lang='lat' dir='ltr'>uti</span> 
     </span>
     <span class='ocr_line' id='line_1_5' title="bbox 170 570 1063 651; baseline 0.004 -22"><span class='ocrx_word' id='word_1_27' title='bbox 170 570 292 630; x_wconf 89' lang='lat' dir='ltr'>divitias</span> <span class='ocrx_word' id='word_1_28' title='bbox 306 578 477 648; x_wconf 82' lang='lat' dir='ltr'>paupertas,</span> <span class='ocrx_word' id='word_1_29' title='bbox 492 570 720 631; x_wconf 82' lang='lat' dir='ltr'>multitudinem</span> <span class='ocrx_word' id='word_1_30' title='bbox 738 572 876 650; x_wconf 78' lang='lat' dir='ltr'>paucitas</span> <span class='ocrx_word' id='word_1_31' title='bbox 896 582 1063 651; x_wconf 89' lang='lat' dir='ltr'>superaret.</span> 
     </span>
     <span class='ocr_line' id='line_1_6' title="bbox 143 649 1066 733; baseline 0.004 -23"><span class='ocrx_word' id='word_1_32' title='bbox 143 649 229 710; x_wconf 79' lang='lat' dir='ltr'>bSed</span> <span class='ocrx_word' id='word_1_33' title='bbox 250 658 409 728; x_wconf 89' lang='lat' dir='ltr'>postquam</span> <span class='ocrx_word' id='word_1_34' title='bbox 431 650 509 709; x_wconf 88' lang='lat' dir='ltr'>luxu</span> <span class='ocrx_word' id='word_1_35' title='bbox 533 659 625 729; x_wconf 88' lang='lat' dir='ltr'>atque</span> <span class='ocrx_word' id='word_1_36' title='bbox 648 651 764 711; x_wconf 88' lang='lat' dir='ltr'>desidia</span> <span class='ocrx_word' id='word_1_37' title='bbox 787 653 895 713; x_wconf 87' lang='lat' dir='ltr'>civitas</span> <span class='ocrx_word' id='word_1_38' title='bbox 919 664 1066 733; x_wconf 90' lang='lat' dir='ltr'>corrupta</span> 
     </span>
     <span class='ocr_line' id='line_1_7' title="bbox 170 730 1065 813; baseline 0.007 -24"><span class='ocrx_word' id='word_1_39' title='bbox 170 739 223 802; x_wconf 92' lang='lat' dir='ltr'>est,</span> <span class='ocrx_word' id='word_1_40' title='bbox 247 750 349 789; x_wconf 89' lang='lat' dir='ltr'>rursus</span> <span class='ocrx_word' id='word_1_41' title='bbox 373 751 420 790; x_wconf 86' lang='lat' dir='ltr'>res</span> <span class='ocrx_word' id='word_1_42' title='bbox 444 730 568 810; x_wconf 91' lang='lat' dir='ltr'>publica</span> <span class='ocrx_word' id='word_1_43' title='bbox 591 732 802 811; x_wconf 87' lang='lat' dir='ltr'>magnitudine</span> <span class='ocrx_word' id='word_1_44' title='bbox 824 754 880 793; x_wconf 91' lang='lat' dir='ltr'>sua</span> <span class='ocrx_word' id='word_1_45' title='bbox 903 733 1065 813; x_wconf 82' lang='lat' dir='ltr'>imperato</span> 
     </span>
     <span class='ocr_line' id='line_1_8' title="bbox 170 811 1065 890; baseline 0.006 -21"><span class='ocrx_word' id='word_1_46' title='bbox 170 831 238 870; x_wconf 92' lang='lat' dir='ltr'>rum</span> <span class='ocrx_word' id='word_1_47' title='bbox 252 818 343 889; x_wconf 88' lang='lat' dir='ltr'>atque</span> <span class='ocrx_word' id='word_1_48' title='bbox 357 811 589 890; x_wconf 86' lang='lat' dir='ltr'>magistratuum</span> <span class='ocrx_word' id='word_1_49' title='bbox 604 812 680 872; x_wconf 86' lang='lat' dir='ltr'>vitia</span> <span class='ocrx_word' id='word_1_50' title='bbox 700 812 898 885; x_wconf 88' lang='lat' dir='ltr'>sustentabat,</span> <span class='ocrx_word' id='word_1_51' title='bbox 914 835 960 886; x_wconf 87' lang='lat' dir='ltr'>ac,</span> <span class='ocrx_word' id='word_1_52' title='bbox 975 815 1065 875; x_wconf 89' lang='lat' dir='ltr'>sicuti</span> 
     </span>
     <span class='ocr_line' id='line_1_9' title="bbox 170 891 1064 973; baseline 0.004 -23"><span class='ocrx_word' id='word_1_53' title='bbox 170 891 257 951; x_wconf 87' lang='lat' dir='ltr'>effeta</span> <span class='ocrx_word' id='word_1_54' title='bbox 271 901 404 970; x_wconf 88' lang='lat' dir='ltr'>parente,</span> <span class='ocrx_word' id='word_1_55' title='bbox 419 891 522 951; x_wconf 90' lang='lat' dir='ltr'>multis</span> <span class='ocrx_word' id='word_1_56' title='bbox 536 891 765 971; x_wconf 86' lang='lat' dir='ltr'>tempestatibus</span> <span class='ocrx_word' id='word_1_57' title='bbox 786 894 868 954; x_wconf 91' lang='lat' dir='ltr'>haud</span> <span class='ocrx_word' id='word_1_58' title='bbox 889 914 964 954; x_wconf 91' lang='lat' dir='ltr'>sane</span> <span class='ocrx_word' id='word_1_59' title='bbox 985 896 1064 973; x_wconf 92' lang='lat' dir='ltr'>quis-</span> 
     </span>
     <span class='ocr_line' id='line_1_10' title="bbox 170 971 1065 1051; baseline 0.006 -21"><span class='ocrx_word' id='word_1_60' title='bbox 170 992 261 1049; x_wconf 90' lang='lat' dir='ltr'>quam</span> <span class='ocrx_word' id='word_1_61' title='bbox 286 971 401 1031; x_wconf 87' lang='lat' dir='ltr'>Romae</span> <span class='ocrx_word' id='word_1_62' title='bbox 426 971 539 1033; x_wconf 90' lang='lat' dir='ltr'>virtute</span> <span class='ocrx_word' id='word_1_63' title='bbox 566 993 695 1051; x_wconf 88' lang='lat' dir='ltr'>magnus</span> <span class='ocrx_word' id='word_1_64' title='bbox 722 973 789 1033; x_wconf 90' lang='lat' dir='ltr'>fuit.</span> <span class='ocrx_word' id='word_1_65' title='bbox 830 973 890 1034; x_wconf 80' lang='lat' dir='ltr'>Sed</span> <span class='ocrx_word' id='word_1_66' title='bbox 918 976 1065 1035; x_wconf 87' lang='lat' dir='ltr'>memoria</span> 
     </span>
    </p>

    <p class='ocr_par' dir='ltr' id='par_1_3' title="bbox 123 1052 1065 1433">
     <span class='ocr_line' id='line_1_11' title="bbox 123 1052 1064 1131; baseline 0.005 -20"><span class='ocrx_word' id='word_1_67' title='bbox 123 1052 160 1111; x_wconf 90' lang='grc'>10</span> <span class='ocrx_word' id='word_1_68' title='bbox 170 1072 236 1112; x_wconf 89' lang='lat' dir='ltr'>mea</span> <span class='ocrx_word' id='word_1_69' title='bbox 250 1052 366 1131; x_wconf 86' lang='lat' dir='ltr'>ingenti</span> <span class='ocrx_word' id='word_1_70' title='bbox 380 1052 503 1126; x_wconf 87' lang='lat' dir='ltr'>virtute,</span> <span class='ocrx_word' id='word_1_71' title='bbox 518 1052 646 1115; x_wconf 91' lang='lat' dir='ltr'>divorsis</span> <span class='ocrx_word' id='word_1_72' title='bbox 666 1052 799 1114; x_wconf 90' lang='lat' dir='ltr'>moribus</span> <span class='ocrx_word' id='word_1_73' title='bbox 820 1054 904 1114; x_wconf 81' lang='lat' dir='ltr'>fuere</span> <span class='ocrx_word' id='word_1_74' title='bbox 918 1055 979 1114; x_wconf 84' lang='lat' dir='ltr'>riri</span> <span class='ocrx_word' id='word_1_75' title='bbox 994 1056 1064 1127; x_wconf 90' lang='lat' dir='ltr'>duo,</span> 
     </span>
     <span class='ocr_line' id='line_1_12' title="bbox 170 1131 1064 1212; baseline 0.004 -21"><span class='ocrx_word' id='word_1_76' title='bbox 170 1132 213 1191; x_wconf 92' lang='lat' dir='ltr'>M.</span> <span class='ocrx_word' id='word_1_77' title='bbox 236 1131 312 1192; x_wconf 80' lang='lat' dir='ltr'>Cato</span> <span class='ocrx_word' id='word_1_78' title='bbox 333 1142 363 1192; x_wconf 94' lang='lat' dir='ltr'>et</span> <span class='ocrx_word' id='word_1_79' title='bbox 384 1133 417 1194; x_wconf 81' lang='lat' dir='ltr'>O.</span> <span class='ocrx_word' id='word_1_80' title='bbox 439 1132 566 1193; x_wconf 85' lang='lat' dir='ltr'>Caesar:</span> <span class='ocrx_word' id='word_1_81' title='bbox 588 1154 663 1212; x_wconf 91' lang='lat' dir='ltr'>quos</span> <span class='ocrx_word' id='word_1_82' title='bbox 681 1135 823 1212; x_wconf 88' lang='lat' dir='ltr'>quoniam</span> <span class='ocrx_word' id='word_1_83' title='bbox 839 1156 886 1195; x_wconf 89' lang='lat' dir='ltr'>res</span> <span class='ocrx_word' id='word_1_84' title='bbox 899 1133 1064 1207; x_wconf 88' lang='lat' dir='ltr'>obtulerat,</span> 
     </span>
     <span class='ocr_line' id='line_1_13' title="bbox 170 1212 1065 1295; baseline 0.003 -22"><span class='ocrx_word' id='word_1_85' title='bbox 170 1212 289 1273; x_wconf 92' lang='lat' dir='ltr'>silentio</span> <span class='ocrx_word' id='word_1_86' title='bbox 303 1214 466 1292; x_wconf 86' lang='lat' dir='ltr'>praeterire</span> <span class='ocrx_word' id='word_1_87' title='bbox 479 1235 539 1274; x_wconf 93' lang='lat' dir='ltr'>non</span> <span class='ocrx_word' id='word_1_88' title='bbox 554 1214 614 1273; x_wconf 84' lang='lat' dir='ltr'>fuit</span> <span class='ocrx_word' id='word_1_89' title='bbox 628 1214 795 1288; x_wconf 88' lang='lat' dir='ltr'>consilium,</span> <span class='ocrx_word' id='word_1_90' title='bbox 810 1215 884 1293; x_wconf 92' lang='lat' dir='ltr'>quin</span> <span class='ocrx_word' id='word_1_91' title='bbox 905 1216 1065 1295; x_wconf 90' lang='lat' dir='ltr'>utriusque</span> 
     </span>
     <span class='ocr_line' id='line_1_14' title="bbox 170 1296 1065 1375; baseline 0.004 -23"><span class='ocrx_word' id='word_1_92' title='bbox 170 1301 312 1353; x_wconf 89' lang='lat' dir='ltr'>naturam</span> <span class='ocrx_word' id='word_1_93' title='bbox 339 1302 369 1354; x_wconf 93' lang='lat' dir='ltr'>et</span> <span class='ocrx_word' id='word_1_94' title='bbox 397 1314 501 1368; x_wconf 87' lang='lat' dir='ltr'>mores,</span> <span class='ocrx_word' id='word_1_95' title='bbox 527 1303 676 1373; x_wconf 88' lang='lat' dir='ltr'>quantum</span> <span class='ocrx_word' id='word_1_96' title='bbox 701 1296 821 1374; x_wconf 91' lang='lat' dir='ltr'>ingenio</span> <span class='ocrx_word' id='word_1_97' title='bbox 844 1316 971 1374; x_wconf 86' lang='lat' dir='ltr'>possem,</span> <span class='ocrx_word' id='word_1_98' title='bbox 997 1317 1065 1375; x_wconf 79' lang='lat' dir='ltr'>ape</span> 
     </span>
     <span class='ocr_line' id='line_1_15' title="bbox 169 1395 268 1433; baseline 0 0"><span class='ocrx_word' id='word_1_99' title='bbox 169 1395 268 1433; x_wconf 81' lang='lat' dir='ltr'>mrem.</span> 
     </span>
    </p>

    <p class='ocr_par' dir='ltr' id='par_1_4' title="bbox 124 1454 1065 1849">
     <span class='ocr_line' id='line_1_16' title="bbox 124 1454 1065 1535; baseline 0.004 -22"><span class='ocrx_word' id='word_1_100' title='bbox 124 1455 161 1513; x_wconf 82' lang='lat'>15</span> <span class='ocrx_word' id='word_1_101' title='bbox 212 1455 260 1516; x_wconf 81' lang='lat'>54.</span> <span class='ocrx_word' id='word_1_102' title='bbox 276 1454 376 1533; x_wconf 89' lang='lat' dir='ltr'>Igitur</span> <span class='ocrx_word' id='word_1_103' title='bbox 390 1455 432 1515; x_wconf 90' lang='lat' dir='ltr'>eis</span> <span class='ocrx_word' id='word_1_104' title='bbox 445 1476 547 1532; x_wconf 89' lang='lat' dir='ltr'>genus,</span> <span class='ocrx_word' id='word_1_105' title='bbox 559 1465 650 1528; x_wconf 88' lang='lat' dir='ltr'>aetas,</span> <span class='ocrx_word' id='word_1_106' title='bbox 661 1456 833 1535; x_wconf 90' lang='lat' dir='ltr'>eloquentia</span> <span class='ocrx_word' id='word_1_107' title='bbox 846 1476 940 1535; x_wconf 90' lang='lat' dir='ltr'>prope</span> <span class='ocrx_word' id='word_1_108' title='bbox 954 1477 1065 1535; x_wconf 88' lang='lat' dir='ltr'>aequa-</span> 
     </span>
     <span class='ocr_line' id='line_1_17' title="bbox 171 1535 1064 1615; baseline 0.002 -20"><span class='ocrx_word' id='word_1_109' title='bbox 171 1536 212 1595; x_wconf 90' lang='lat' dir='ltr'>lia</span> <span class='ocrx_word' id='word_1_110' title='bbox 240 1535 332 1608; x_wconf 86' lang='lat' dir='ltr'>fuere,</span> <span class='ocrx_word' id='word_1_111' title='bbox 361 1536 538 1614; x_wconf 89' lang='lat' dir='ltr'>magnitudo</span> <span class='ocrx_word' id='word_1_112' title='bbox 566 1536 660 1596; x_wconf 87' lang='lat' dir='ltr'>animi</span> <span class='ocrx_word' id='word_1_113' title='bbox 687 1557 752 1615; x_wconf 90' lang='lat' dir='ltr'>par,</span> <span class='ocrx_word' id='word_1_114' title='bbox 780 1536 853 1596; x_wconf 90' lang='lat' dir='ltr'>item</span> <span class='ocrx_word' id='word_1_115' title='bbox 881 1536 990 1615; x_wconf 87' lang='lat' dir='ltr'>gloria,</span> <span class='ocrx_word' id='word_1_116' title='bbox 1011 1538 1064 1597; x_wconf 90' lang='lat' dir='ltr'>sed</span> 
     </span>
     <span class='ocr_line' id='line_1_18' title="bbox 171 1614 1064 1697; baseline 0.002 -21"><span class='ocrx_word' id='word_1_117' title='bbox 171 1616 232 1676; x_wconf 90' lang='lat' dir='ltr'>alia</span> <span class='ocrx_word' id='word_1_118' title='bbox 246 1615 307 1675; x_wconf 89' lang='lat' dir='ltr'>alii.</span> <span class='ocrx_word' id='word_1_119' title='bbox 350 1615 461 1677; x_wconf 83' lang='lat' dir='ltr'>Caesar</span> <span class='ocrx_word' id='word_1_120' title='bbox 475 1614 627 1677; x_wconf 89' lang='lat' dir='ltr'>benefieiis</span> <span class='ocrx_word' id='word_1_121' title='bbox 647 1638 684 1677; x_wconf 92' lang='lat' dir='ltr'>ac</span> <span class='ocrx_word' id='word_1_122' title='bbox 704 1616 911 1677; x_wconf 89' lang='lat' dir='ltr'>munificentia</span> <span class='ocrx_word' id='word_1_123' title='bbox 932 1638 1064 1697; x_wconf 91' lang='lat' dir='ltr'>magnus</span> 
     </span>
     <span class='ocr_line' id='line_1_19' title="bbox 171 1695 1065 1776; baseline 0.004 -21"><span class='ocrx_word' id='word_1_124' title='bbox 171 1695 350 1769; x_wconf 87' lang='lat' dir='ltr'>habebatur,</span> <span class='ocrx_word' id='word_1_125' title='bbox 375 1696 547 1776; x_wconf 85' lang='lat' dir='ltr'>integritate</span> <span class='ocrx_word' id='word_1_126' title='bbox 571 1697 653 1758; x_wconf 86' lang='lat' dir='ltr'>vitae</span> <span class='ocrx_word' id='word_1_127' title='bbox 678 1696 761 1757; x_wconf 84' lang='lat' dir='ltr'>Cato.</span> <span class='ocrx_word' id='word_1_128' title='bbox 782 1718 786 1725; x_wconf 94' lang='lat'>·</span> <span class='ocrx_word' id='word_1_129' title='bbox 804 1696 863 1757; x_wconf 91' lang='lat' dir='ltr'>Ille</span> <span class='ocrx_word' id='word_1_130' title='bbox 889 1707 1065 1759; x_wconf 87' lang='lat' dir='ltr'>mansuetu-</span> 
     </span>
     <span class='ocr_line' id='line_1_20' title="bbox 171 1776 1065 1849; baseline 0.004 -14"><span class='ocrx_word' id='word_1_131' title='bbox 171 1778 241 1836; x_wconf 89' lang='lat' dir='ltr'>dine</span> <span class='ocrx_word' id='word_1_132' title='bbox 268 1787 298 1837; x_wconf 91' lang='lat' dir='ltr'>et</span> <span class='ocrx_word' id='word_1_133' title='bbox 326 1776 529 1837; x_wconf 78' lang='lat' dir='ltr'>misericordia</span> <span class='ocrx_word' id='word_1_134' title='bbox 557 1777 658 1838; x_wconf 89' lang='lat' dir='ltr'>clarus</span> <span class='ocrx_word' id='word_1_135' title='bbox 685 1777 791 1849; x_wconf 85' lang='lat' dir='ltr'>factus,</span> <span class='ocrx_word' id='word_1_136' title='bbox 820 1778 891 1838; x_wconf 90' lang='lat' dir='ltr'>huic</span> <span class='ocrx_word' id='word_1_137' title='bbox 917 1780 1065 1839; x_wconf 86' lang='lat' dir='ltr'>severitas</span> 
     </span>
    </p>

    <p class='ocr_par' dir='ltr' id='par_1_5' title="bbox 124 1857 1065 2241">
     <span class='ocr_line' id='line_1_21' title="bbox 124 1857 1064 1936; baseline 0.002 -20"><span class='ocrx_word' id='word_1_138' title='bbox 124 1857 352 1936; x_wconf 85' lang='lat' dir='ltr'>20dignitatem</span> <span class='ocrx_word' id='word_1_139' title='bbox 380 1858 545 1917; x_wconf 88' lang='lat' dir='ltr'>addiderat.</span> <span class='ocrx_word' id='word_1_140' title='bbox 588 1857 699 1918; x_wconf 84' lang='lat' dir='ltr'>Caesar</span> <span class='ocrx_word' id='word_1_141' title='bbox 726 1858 836 1929; x_wconf 90' lang='lat' dir='ltr'>dando,</span> <span class='ocrx_word' id='word_1_142' title='bbox 863 1858 1064 1932; x_wconf 85' lang='lat' dir='ltr'>sublevando,</span> 
     </span>
     <span class='ocr_line' id='line_1_22' title="bbox 171 1938 1064 2018; baseline 0.003 -22"><span class='ocrx_word' id='word_1_143' title='bbox 171 1938 361 2017; x_wconf 86' lang='lat' dir='ltr'>ignoscendo,</span> <span class='ocrx_word' id='word_1_144' title='bbox 386 1938 461 1998; x_wconf 85' lang='lat' dir='ltr'>Cato</span> <span class='ocrx_word' id='word_1_145' title='bbox 488 1938 565 1997; x_wconf 91' lang='lat' dir='ltr'>nihil</span> <span class='ocrx_word' id='word_1_146' title='bbox 593 1938 754 2017; x_wconf 90' lang='lat' dir='ltr'>largiundo</span> <span class='ocrx_word' id='word_1_147' title='bbox 777 1938 906 2017; x_wconf 90' lang='lat' dir='ltr'>gloriam</span> <span class='ocrx_word' id='word_1_148' title='bbox 934 1940 1064 2018; x_wconf 87' lang='lat' dir='ltr'>adeptus</span> 
     </span>
     <span class='ocr_line' id='line_1_23' title="bbox 171 2018 1064 2098; baseline 0.003 -21"><span class='ocrx_word' id='word_1_149' title='bbox 171 2027 223 2079; x_wconf 90' lang='lat' dir='ltr'>est.</span> <span class='ocrx_word' id='word_1_150' title='bbox 276 2018 313 2077; x_wconf 93' lang='lat' dir='ltr'>In</span> <span class='ocrx_word' id='word_1_151' title='bbox 341 2018 436 2079; x_wconf 90' lang='lat' dir='ltr'>altero</span> <span class='ocrx_word' id='word_1_152' title='bbox 463 2018 577 2078; x_wconf 89' lang='lat' dir='ltr'>miseris</span> <span class='ocrx_word' id='word_1_153' title='bbox 605 2018 776 2098; x_wconf 85' lang='lat' dir='ltr'>perfugium</span> <span class='ocrx_word' id='word_1_154' title='bbox 804 2028 878 2093; x_wconf 92' lang='lat' dir='ltr'>erat,</span> <span class='ocrx_word' id='word_1_155' title='bbox 906 2019 938 2078; x_wconf 93' lang='lat' dir='ltr'>in</span> <span class='ocrx_word' id='word_1_156' title='bbox 966 2020 1064 2080; x_wconf 87' lang='lat' dir='ltr'>altero</span> 
     </span>
     <span class='ocr_line' id='line_1_24' title="bbox 171 2098 1065 2178; baseline 0.003 -21"><span class='ocrx_word' id='word_1_157' title='bbox 171 2099 258 2159; x_wconf 89' lang='lat' dir='ltr'>malis</span> <span class='ocrx_word' id='word_1_158' title='bbox 286 2100 440 2177; x_wconf 89' lang='lat' dir='ltr'>pernicies.</span> <span class='ocrx_word' id='word_1_159' title='bbox 493 2098 581 2159; x_wconf 91' lang='lat' dir='ltr'>Illius</span> <span class='ocrx_word' id='word_1_160' title='bbox 609 2100 746 2171; x_wconf 86' lang='lat' dir='ltr'>facilitas,</span> <span class='ocrx_word' id='word_1_161' title='bbox 774 2099 865 2178; x_wconf 85' lang='lat' dir='ltr'>hujus</span> <span class='ocrx_word' id='word_1_162' title='bbox 892 2102 1065 2161; x_wconf 87' lang='lat' dir='ltr'>constantia</span> 
     </span>
     <span class='ocr_line' id='line_1_25' title="bbox 172 2178 1064 2241; baseline 0.003 -3"><span class='ocrx_word' id='word_1_163' title='bbox 172 2178 364 2240; x_wconf 85' lang='lat' dir='ltr'>laudabatur.</span> <span class='ocrx_word' id='word_1_164' title='bbox 407 2180 561 2240; x_wconf 90' lang='lat' dir='ltr'>Postremo</span> <span class='ocrx_word' id='word_1_165' title='bbox 575 2178 686 2240; x_wconf 86' lang='lat' dir='ltr'>Caesar</span> <span class='ocrx_word' id='word_1_166' title='bbox 700 2180 732 2239; x_wconf 93' lang='lat' dir='ltr'>in</span> <span class='ocrx_word' id='word_1_167' title='bbox 746 2180 882 2239; x_wconf 91' lang='lat' dir='ltr'>animum</span> <span class='ocrx_word' id='word_1_168' title='bbox 896 2181 1064 2241; x_wconf 87' lang='lat' dir='ltr'>induxerat</span> 
     </span>
    </p>
   </div>
   <div class='ocr_carea' id='block_1_3' title="bbox 11 2258 1065 2339">
    <p class='ocr_par' dir='ltr' id='par_1_6' title="bbox 11 2258 1065 2339">
     <span class='ocr_line' id='line_1_26' title="bbox 11 2258 1065 2339; baseline 0.009 -28"><span class='ocrx_word' id='word_1_169' title='bbox 11 2304 12 2311; x_wconf 72' lang='grc'>,</span> <span class='ocrx_word' id='word_1_170' title='bbox 124 2259 161 2317; x_wconf 83' lang='lat'>25</span> <span class='ocrx_word' id='word_1_171' title='bbox 172 2258 317 2331; x_wconf 86' lang='lat' dir='ltr'>laborare,</span> <span class='ocrx_word' id='word_1_172' title='bbox 342 2260 488 2339; x_wconf 88' lang='lat' dir='ltr'>vigilare;</span> <span class='ocrx_word' id='word_1_173' title='bbox 509 2261 637 2339; x_wconf 88' lang='lat' dir='ltr'>negotiis</span> <span class='ocrx_word' id='word_1_174' title='bbox 660 2261 824 2321; x_wconf 92' lang='lat' dir='ltr'>amicornm</span> <span class='ocrx_word' id='word_1_175' title='bbox 849 2260 983 2321; x_wconf 90' lang='lat' dir='ltr'>intentus</span> <span class='ocrx_word' id='word_1_176' title='bbox 1007 2282 1065 2321; x_wconf 89' lang='lat' dir='ltr'>sua</span> 
     </span>
    </p>
   </div>
   <div class='ocr_carea' id='block_1_4' title="bbox 71 2339 1063 3063">
    <p class='ocr_par' dir='ltr' id='par_1_7' title="bbox 171 2339 1063 2419">
     <span class='ocr_line' id='line_1_27' title="bbox 171 2339 1063 2419; baseline 0.004 -21"><span class='ocrx_word' id='word_1_177' title='bbox 171 2339 330 2418; x_wconf 84' lang='lat' dir='ltr'>negligere,</span> <span class='ocrx_word' id='word_1_178' title='bbox 346 2341 423 2400; x_wconf 94' lang='lat' dir='ltr'>nihil</span> <span class='ocrx_word' id='word_1_179' title='bbox 444 2341 601 2418; x_wconf 88' lang='lat' dir='ltr'>denegare,</span> <span class='ocrx_word' id='word_1_180' title='bbox 621 2341 701 2419; x_wconf 91' lang='lat' dir='ltr'>quod</span> <span class='ocrx_word' id='word_1_181' title='bbox 722 2341 800 2401; x_wconf 92' lang='lat' dir='ltr'>dono</span> <span class='ocrx_word' id='word_1_182' title='bbox 820 2340 947 2419; x_wconf 89' lang='lat' dir='ltr'>dignum</span> <span class='ocrx_word' id='word_1_183' title='bbox 968 2351 1063 2414; x_wconf 84' lang='lat' dir='ltr'>esset;</span> 
     </span>
    </p>

    <p class='ocr_par' dir='ltr' id='par_1_8' title="bbox 71 2419 1063 2655">
     <span class='ocr_line' id='line_1_28' title="bbox 71 2419 1063 2499; baseline 0.001 -19"><span class='ocrx_word' id='word_1_184' title='bbox 71 2446 75 2452; x_wconf 93' lang='lat'>·</span> <span class='ocrx_word' id='word_1_185' title='bbox 171 2420 228 2480; x_wconf 86' lang='lat' dir='ltr'>sibi</span> <span class='ocrx_word' id='word_1_186' title='bbox 250 2441 393 2499; x_wconf 89' lang='lat' dir='ltr'>magnum</span> <span class='ocrx_word' id='word_1_187' title='bbox 415 2421 584 2499; x_wconf 87' lang='lat' dir='ltr'>imperium,</span> <span class='ocrx_word' id='word_1_188' title='bbox 606 2421 782 2493; x_wconf 89' lang='lat' dir='ltr'>exercitum,</span> <span class='ocrx_word' id='word_1_189' title='bbox 807 2419 922 2481; x_wconf 91' lang='lat' dir='ltr'>bellum</span> <span class='ocrx_word' id='word_1_190' title='bbox 947 2443 1063 2483; x_wconf 85' lang='lat' dir='ltr'>novum</span> 
     </span>
     <span class='ocr_line' id='line_1_29' title="bbox 171 2500 1063 2581; baseline 0.001 -20"><span class='ocrx_word' id='word_1_191' title='bbox 171 2500 345 2579; x_wconf 86' lang='lat' dir='ltr'>exoptabat,</span> <span class='ocrx_word' id='word_1_192' title='bbox 364 2501 418 2561; x_wconf 90' lang='lat' dir='ltr'>ubi</span> <span class='ocrx_word' id='word_1_193' title='bbox 438 2503 535 2562; x_wconf 86' lang='lat' dir='ltr'>virtus</span> <span class='ocrx_word' id='word_1_194' title='bbox 556 2502 717 2562; x_wconf 85' lang='lat' dir='ltr'>enitescere</span> <span class='ocrx_word' id='word_1_195' title='bbox 737 2510 842 2581; x_wconf 86' lang='lat' dir='ltr'>posset.</span> <span class='ocrx_word' id='word_1_196' title='bbox 884 2501 930 2561; x_wconf 89' lang='lat' dir='ltr'>At</span> <span class='ocrx_word' id='word_1_197' title='bbox 951 2502 1063 2563; x_wconf 85' lang='lat' dir='ltr'>Catoni</span> 
     </span>
     <span class='ocr_line' id='line_1_30' title="bbox 171 2582 1063 2655; baseline 0.002 -13"><span class='ocrx_word' id='word_1_198' title='bbox 171 2582 307 2642; x_wconf 90' lang='lat' dir='ltr'>studium</span> <span class='ocrx_word' id='word_1_199' title='bbox 328 2582 497 2655; x_wconf 88' lang='lat' dir='ltr'>modestiae,</span> <span class='ocrx_word' id='word_1_200' title='bbox 513 2582 636 2655; x_wconf 89' lang='lat' dir='ltr'>decoris,</span> <span class='ocrx_word' id='word_1_201' title='bbox 657 2582 709 2643; x_wconf 91' lang='lat' dir='ltr'>sed</span> <span class='ocrx_word' id='word_1_202' title='bbox 730 2602 872 2642; x_wconf 86' lang='lat' dir='ltr'>maxume</span> <span class='ocrx_word' id='word_1_203' title='bbox 892 2582 1063 2643; x_wconf 86' lang='lat' dir='ltr'>severitatis</span> 
     </span>
    </p>

    <p class='ocr_par' dir='ltr' id='par_1_9' title="bbox 125 2662 1063 3063">
     <span class='ocr_line' id='line_1_31' title="bbox 125 2662 1061 2741; baseline 0.001 -20"><span class='ocrx_word' id='word_1_204' title='bbox 125 2662 162 2721; x_wconf 86' lang='lat'>30</span> <span class='ocrx_word' id='word_1_205' title='bbox 172 2672 245 2723; x_wconf 88' lang='lat' dir='ltr'>erat.</span> <span class='ocrx_word' id='word_1_206' title='bbox 287 2662 357 2723; x_wconf 92' lang='lat' dir='ltr'>Non</span> <span class='ocrx_word' id='word_1_207' title='bbox 379 2663 491 2724; x_wconf 88' lang='lat' dir='ltr'>divitiis</span> <span class='ocrx_word' id='word_1_208' title='bbox 513 2684 582 2723; x_wconf 93' lang='lat' dir='ltr'>cum</span> <span class='ocrx_word' id='word_1_209' title='bbox 603 2663 706 2735; x_wconf 90' lang='lat' dir='ltr'>divite,</span> <span class='ocrx_word' id='word_1_210' title='bbox 721 2683 818 2741; x_wconf 89' lang='lat' dir='ltr'>neque</span> <span class='ocrx_word' id='word_1_211' title='bbox 839 2662 970 2723; x_wconf 90' lang='lat' dir='ltr'>factione</span> <span class='ocrx_word' id='word_1_212' title='bbox 991 2684 1061 2723; x_wconf 89' lang='lat' dir='ltr'>curn</span> 
     </span>
     <span class='ocr_line' id='line_1_32' title="bbox 172 2743 1063 2815; baseline 0.002 -13"><span class='ocrx_word' id='word_1_213' title='bbox 172 2743 305 2815; x_wconf 83' lang='lat' dir='ltr'>factiose,</span> <span class='ocrx_word' id='word_1_214' title='bbox 332 2743 384 2803; x_wconf 89' lang='lat' dir='ltr'>sed</span> <span class='ocrx_word' id='word_1_215' title='bbox 419 2764 487 2803; x_wconf 89' lang='lat' dir='ltr'>curn</span> <span class='ocrx_word' id='word_1_216' title='bbox 522 2752 644 2803; x_wconf 90' lang='lat' dir='ltr'>strenuo</span> <span class='ocrx_word' id='word_1_217' title='bbox 671 2744 794 2815; x_wconf 79' lang='lat' dir='ltr'>virtute,</span> <span class='ocrx_word' id='word_1_218' title='bbox 822 2763 892 2803; x_wconf 90' lang='lat' dir='ltr'>cum</span> <span class='ocrx_word' id='word_1_219' title='bbox 926 2743 1063 2804; x_wconf 89' lang='lat' dir='ltr'>modesto</span> 
     </span>
     <span class='ocr_line' id='line_1_33' title="bbox 172 2820 1062 2903; baseline 0 -19"><span class='ocrx_word' id='word_1_220' title='bbox 172 2820 295 2903; x_wconf 75' lang='lat' dir='ltr'>pudore,</span> <span class='ocrx_word' id='word_1_221' title='bbox 325 2844 393 2884; x_wconf 91' lang='lat' dir='ltr'>cum</span> <span class='ocrx_word' id='word_1_222' title='bbox 421 2824 580 2884; x_wconf 88' lang='lat' dir='ltr'>innocente</span> <span class='ocrx_word' id='word_1_223' title='bbox 608 2824 790 2884; x_wconf 88' lang='lat' dir='ltr'>abstinentia</span> <span class='ocrx_word' id='word_1_224' title='bbox 818 2822 971 2896; x_wconf 89' lang='lat' dir='ltr'>certabat;</span> <span class='ocrx_word' id='word_1_225' title='bbox 999 2844 1062 2884; x_wconf 89' lang='lat' dir='ltr'>esse</span> 
     </span>
     <span class='ocr_line' id='line_1_34' title="bbox 173 2903 1062 2983; baseline 0.001 -19"><span class='ocrx_word' id='word_1_226' title='bbox 173 2925 264 2983; x_wconf 86' lang='lat' dir='ltr'>quam</span> <span class='ocrx_word' id='word_1_227' title='bbox 278 2904 375 2964; x_wconf 86' lang='lat' dir='ltr'>videri</span> <span class='ocrx_word' id='word_1_228' title='bbox 390 2903 486 2964; x_wconf 91' lang='lat' dir='ltr'>bonus</span> <span class='ocrx_word' id='word_1_229' title='bbox 505 2904 655 2964; x_wconf 89' lang='lat' dir='ltr'>malebat:</span> <span class='ocrx_word' id='word_1_230' title='bbox 676 2906 720 2964; x_wconf 92' lang='lat' dir='ltr'>ita</span> <span class='ocrx_word' id='word_1_231' title='bbox 740 2926 800 2983; x_wconf 93' lang='lat' dir='ltr'>quo</span> <span class='ocrx_word' id='word_1_232' title='bbox 820 2904 919 2963; x_wconf 90' lang='lat' dir='ltr'>minus</span> <span class='ocrx_word' id='word_1_233' title='bbox 939 2903 1062 2982; x_wconf 90' lang='lat' dir='ltr'>petebat</span> 
     </span>
     <span class='ocr_line' id='line_1_35' title="bbox 172 2984 772 3063; baseline 0.002 -19"><span class='ocrx_word' id='word_1_234' title='bbox 172 2985 309 3063; x_wconf 89' lang='lat' dir='ltr'>gloriam,</span> <span class='ocrx_word' id='word_1_235' title='bbox 323 3004 358 3044; x_wconf 93' lang='lat' dir='ltr'>eo</span> <span class='ocrx_word' id='word_1_236' title='bbox 372 2984 467 3063; x_wconf 88' lang='lat' dir='ltr'>magis</span> <span class='ocrx_word' id='word_1_237' title='bbox 480 2984 568 3044; x_wconf 92' lang='lat' dir='ltr'>illurn</span> <span class='ocrx_word' id='word_1_238' title='bbox 582 2984 772 3063; x_wconf 87' lang='lat' dir='ltr'>sequebatur.</span> 
     </span>
    </p>
   </div>
   <div class='ocr_carea' id='block_1_5' title="bbox 11 3064 1062 3142">
    <p class='ocr_par' dir='ltr' id='par_1_10' title="bbox 11 3064 1062 3142">
     <span class='ocr_line' id='line_1_36' title="bbox 11 3064 1062 3142; baseline 0.001 -19"><span class='ocrx_word' id='word_1_239' title='bbox 11 3078 12 3081; x_wconf 75' lang='grc'>’</span> <span class='ocrx_word' id='word_1_240' title='bbox 125 3064 163 3124; x_wconf 89' lang='grc'>35</span> <span class='ocrx_word' id='word_1_241' title='bbox 214 3066 262 3127; x_wconf 81' lang='grc'>55.</span> <span class='ocrx_word' id='word_1_242' title='bbox 285 3065 458 3142; x_wconf 89' lang='lat' dir='ltr'>Postquam,</span> <span class='ocrx_word' id='word_1_243' title='bbox 473 3073 507 3124; x_wconf 91' lang='lat' dir='ltr'>ut</span> <span class='ocrx_word' id='word_1_244' title='bbox 522 3066 595 3137; x_wconf 87' lang='lat' dir='ltr'>dixi,</span> <span class='ocrx_word' id='word_1_245' title='bbox 610 3074 731 3125; x_wconf 91' lang='lat' dir='ltr'>senatus</span> <span class='ocrx_word' id='word_1_246' title='bbox 752 3066 783 3125; x_wconf 93' lang='lat' dir='ltr'>in</span> <span class='ocrx_word' id='word_1_247' title='bbox 803 3064 926 3126; x_wconf 81' lang='lat' dir='ltr'>Catonis</span> <span class='ocrx_word' id='word_1_248' title='bbox 945 3073 1062 3125; x_wconf 89' lang='lat' dir='ltr'>senten-</span> 
     </span>
    </p>
   </div>
   <div class='ocr_carea' id='block_1_6' title="bbox 172 3144 1062 3457">
    <p class='ocr_par' dir='ltr' id='par_1_11' title="bbox 172 3144 1062 3457">
     <span class='ocr_line' id='line_1_37' title="bbox 172 3144 1060 3222; baseline -0.001 -17"><span class='ocrx_word' id='word_1_249' title='bbox 172 3147 246 3205; x_wconf 90' lang='lat' dir='ltr'>tiam</span> <span class='ocrx_word' id='word_1_250' title='bbox 261 3145 401 3215; x_wconf 87' lang='lat' dir='ltr'>discessit,</span> <span class='ocrx_word' id='word_1_251' title='bbox 416 3144 519 3217; x_wconf 82' lang='lat' dir='ltr'>consul</span> <span class='ocrx_word' id='word_1_252' title='bbox 541 3154 698 3222; x_wconf 91' lang='lat' dir='ltr'>optumum</span> <span class='ocrx_word' id='word_1_253' title='bbox 720 3146 803 3206; x_wconf 86' lang='lat' dir='ltr'>factu</span> <span class='ocrx_word' id='word_1_254' title='bbox 825 3154 917 3218; x_wconf 89' lang='lat' dir='ltr'>ratus,</span> <span class='ocrx_word' id='word_1_255' title='bbox 931 3154 1060 3217; x_wconf 91' lang='lat' dir='ltr'>noctem,</span> 
     </span>
     <span class='ocr_line' id='line_1_38' title="bbox 173 3222 1061 3303; baseline 0.006 -22"><span class='ocrx_word' id='word_1_256' title='bbox 173 3243 249 3299; x_wconf 90' lang='lat' dir='ltr'>quae</span> <span class='ocrx_word' id='word_1_257' title='bbox 270 3222 411 3293; x_wconf 90' lang='lat' dir='ltr'>instabat,</span> <span class='ocrx_word' id='word_1_258' title='bbox 433 3230 620 3299; x_wconf 89' lang='lat' dir='ltr'>antecapere,</span> <span class='ocrx_word' id='word_1_259' title='bbox 641 3245 679 3282; x_wconf 92' lang='lat' dir='ltr'>ne</span> <span class='ocrx_word' id='word_1_260' title='bbox 700 3225 772 3301; x_wconf 92' lang='lat' dir='ltr'>quid</span> <span class='ocrx_word' id='word_1_261' title='bbox 793 3246 828 3285; x_wconf 89' lang='lat' dir='ltr'>eo</span> <span class='ocrx_word' id='word_1_262' title='bbox 848 3226 946 3303; x_wconf 89' lang='lat' dir='ltr'>spatio</span> <span class='ocrx_word' id='word_1_263' title='bbox 969 3246 1061 3286; x_wconf 90' lang='lat' dir='ltr'>nova·</span> 
     </span>
     <span class='ocr_line' id='line_1_39' title="bbox 173 3300 1062 3384; baseline 0.011 -28"><span class='ocrx_word' id='word_1_264' title='bbox 173 3308 265 3368; x_wconf 88' lang='lat' dir='ltr'>retur,</span> <span class='ocrx_word' id='word_1_265' title='bbox 292 3300 466 3359; x_wconf 89' lang='lat' dir='ltr'>triumviros</span> <span class='ocrx_word' id='word_1_266' title='bbox 493 3320 570 3376; x_wconf 89' lang='lat' dir='ltr'>quae</span> <span class='ocrx_word' id='word_1_267' title='bbox 600 3303 781 3379; x_wconf 90' lang='lat' dir='ltr'>supplicium</span> <span class='ocrx_word' id='word_1_268' title='bbox 809 3304 984 3381; x_wconf 89' lang='lat' dir='ltr'>postulabat</span> <span class='ocrx_word' id='word_1_269' title='bbox 1010 3326 1062 3384; x_wconf 89' lang='lat' dir='ltr'>pa·</span> 
     </span>
     <span class='ocr_line' id='line_1_40' title="bbox 173 3376 1061 3457; baseline 0.016 -25"><span class='ocrx_word' id='word_1_270' title='bbox 173 3394 240 3433; x_wconf 86' lang='lat' dir='ltr'>rare</span> <span class='ocrx_word' id='word_1_271' title='bbox 260 3376 363 3452; x_wconf 91' lang='lat' dir='ltr'>jubet;</span> <span class='ocrx_word' id='word_1_272' title='bbox 392 3378 462 3454; x_wconf 90' lang='lat' dir='ltr'>ipse,</span> <span class='ocrx_word' id='word_1_273' title='bbox 484 3378 640 3453; x_wconf 88' lang='lat' dir='ltr'>praesidiis</span> <span class='ocrx_word' id='word_1_274' title='bbox 660 3381 817 3457; x_wconf 91' lang='lat' dir='ltr'>dispositis,</span> <span class='ocrx_word' id='word_1_275' title='bbox 839 3384 1007 3443; x_wconf 87' lang='lat' dir='ltr'>Lentulum</span> <span class='ocrx_word' id='word_1_276' title='bbox 1030 3386 1061 3446; x_wconf 91' lang='lat' dir='ltr'>in</span> 
     </span>
    </p>
   </div>
   <div class='ocr_carea' id='block_1_7' title="bbox 1182 2037 1186 2058">
    <p class='ocr_par' dir='ltr' id='par_1_12' title="bbox 1182 2037 1186 2238">
     <span class='ocr_line' id='line_1_41' title="bbox 1182 2037 1186 2058; baseline 0 138"><span class='ocrx_word' id='word_1_277' title='bbox 1182 2037 1186 2058; x_wconf 58' lang='lat'><strong><em>⁴</em></strong></span> 
     </span>
    </p>
   </div>
   <div class='ocr_carea' id='block_1_8' title="bbox 0 0 1200 3692">
    <p class='ocr_par' dir='ltr' id='par_1_13' title="bbox 0 0 1200 3692">
     <span class='ocr_line' id='line_1_42' title="bbox 0 0 1200 3692; baseline 0 1"><span class='ocrx_word' id='word_1_278' title='bbox 0 0 1200 3692; x_wconf 95' lang='lat' dir='ltr'> </span> 
     </span>
    </p>
   </div>
  </div>
 </body>
</html>
