2392 3692
106 66 168 131 120
390 80 414 131 e.
434 79 615 131 astruam
635 78 755 131 onrsrr

149 240 278 313 rulitate,
298 238 421 381 publice
444 240 597 301 maxumis
622 240 797 301 muneribus
819 242 972 320 grandem
995 264 1042 323 pe
1158 284 1162 295 ·

150 322 271 381 cuniam
319 320 436 382 ebebat.
490 319 550 381 Sed
578 320 632 381 ubi
659 320 813 382 consulem
848 322 887 383 ad
921 332 1043 383 tantum

149 402 265 463 lacinus
287 401 440 481 impellere
460 410 624 480 nequeunt,
639 402 696 480 ipsi
715 402 894 480 singulatim
916 403 1042 465 circum-

149 482 248 543 eundo
272 492 363 561 atque
383 482 578 543 ementiundo
602 502 647 552 ea,
668 502 746 561 quae
765 503 797 543 se
817 503 857 542 ex
878 483 1043 544 Volturcio

122 562 204 623 baut
235 561 451 640 Allobrogibus
484 562 603 623 audisse
636 563 780 635 dicerent,
815 584 961 642 magnam
996 565 1041 623 illi

149 644 295 703 invidiam
311 642 525 715 conflaverant,
540 663 635 723 usque
650 664 694 714 eo,
709 651 744 702 ut
764 644 906 703 nonnulli
927 645 1042 723 equites

150 723 291 795 Romani,
305 724 358 803 qui
374 723 504 803 praesidi
526 744 618 783 causa
638 743 707 784 eum
728 722 796 783 telis
816 734 905 784 erant
927 725 1042 786 circum

149 804 255 865 aedem
283 803 477 877 Concordiae,
504 824 556 864 seu
584 802 713 883 periculi
743 804 957 883 magnitudine
990 827 1041 866 seu

149 885 243 945 animi
264 884 432 945 mobilitate
452 883 582 963 impulsi,
597 904 658 963 quo
670 884 806 943 studium
824 904 915 944 suum
930 886 964 945 in
979 907 1042 945 rem

103 964 140 1023 10
149 963 302 1043 publicam
318 963 429 1025 clarius
443 973 526 1037 esset,
541 964 706 1043 egredienti
727 984 766 1025 ex
786 973 894 1026 senatu
916 965 1041 1027 Caesari

147 1044 250 1123 gladio
263 1046 484 1106 minitarentur.

189 1124 240 1187 50.
263 1125 347 1185 Dum
368 1125 443 1188 haec
464 1127 494 1185 in
515 1134 623 1185 senatu
643 1133 777 1204 aguntur
791 1134 821 1186 et
835 1125 910 1186 dum
933 1126 1042 1206 legatis

148 1204 352 1286 Allobrogum
385 1214 416 1267 et
450 1206 483 1269 T.
511 1205 682 1278 Volturcio,
710 1205 905 1284 comprobato
937 1228 1042 1268 eorum

149 1286 269 1359 indicio,
294 1286 429 1367 praemia
456 1287 669 1359 decernuntur,
693 1285 794 1346 liberti
822 1295 853 1346 et
881 1289 976 1366 pauci
1003 1310 1041 1348 ex

103 1366 139 1427 15
153 1366 314 1429 clientibus
334 1365 459 1428 Leutuli
480 1366 607 1428 divorsis
627 1366 785 1426 itineribus
805 1367 929 1445 opifices
950 1377 1043 1448 atque

148 1448 273 1509 servitia
297 1448 329 1509 in
350 1448 423 1511 vicis
448 1448 579 1508 adeum
604 1447 798 1526 eripiundum
821 1447 1041 1522 sollicitabant,

149 1530 261 1609 partim
282 1527 482 1609 exquirebant
503 1528 592 1589 duces
613 1527 852 1600 multitudinum,
866 1529 921 1607 qui
944 1531 1042 1609 pretio

148 1610 382 1691 rempublicam
396 1630 508 1671 vexare
527 1608 608 1669 soliti
628 1616 722 1668 erant.
764 1606 916 1687 Cethegus
937 1619 1042 1671 autem

149 1710 204 1769 per
224 1691 345 1753 nuntios
365 1690 513 1750 familiam
534 1698 626 1767 atque
650 1687 773 1749 libertos
795 1696 883 1762 suos,
895 1689 991 1751 lectos
1011 1701 1041 1752 et
1160 1687 1162 1766 l

100 1770 139 1829 20
148 1772 330 1833 exercitatos
343 1770 374 1830 in
389 1770 557 1842 audaciam,
572 1768 679 1830 orabat
699 1777 735 1829 ut
754 1790 791 1848 gr
864 1769 949 1831 facto
971 1792 1040 1832 eum

147 1851 215 1911 telis
243 1852 282 1912 ad
309 1871 370 1913 sese
397 1852 608 1929 irrumperent.
650 1849 764 1910 Consul
790 1789 845 1909 iii
869 1871 907 1910 ea
935 1854 1040 1930 parari

146 1933 297 2011 cognovit,
319 1930 468 2011 dispositis
487 1930 653 2010 praesidiis,
674 1937 709 1990 ut
733 1950 779 1990 res
803 1938 895 2009 atque
918 1940 1039 2011 tempus

147 2012 298 2087 monebat,
320 2019 483 2074 convocato
502 2020 609 2071 senatu
631 2011 733 2083 refert,
755 2010 828 2089 quid
848 2010 886 2070 de
908 2012 951 2072 eis
973 2012 1038 2073 lieri

145 2090 274 2169 placeat,
300 2092 353 2172 qui
380 2093 412 2153 in
439 2090 607 2153 custodiam
634 2091 740 2152 traditi
766 2099 861 2151 erant.
904 2091 966 2153 Sed
990 2114 1038 2155 eos

99 2172 239 2251 lbpaulo
253 2183 324 2234 ante
338 2173 478 2253 frequens
495 2180 617 2233 senatus
632 2171 825 2250 judicaverat
846 2181 954 2233 eontra
974 2194 1038 2234 rem

146 2252 301 2332 publicam
322 2254 432 2316 fecisse.
475 2252 554 2314 Tum
575 2252 615 2313 D.
636 2251 750 2313 Junius
769 2250 900 2325 Silanus,
921 2254 1037 2333 primus

146 2336 327 2397 sententiam
346 2343 479 2415 rogatus,
500 2334 580 2415 quod
601 2353 636 2393 eo
655 2340 791 2411 tempore
814 2333 920 2394 consul
943 2335 1037 2415 desig-

148 2426 241 2479 natus
264 2426 338 2491 erat,
358 2417 396 2478 de
419 2416 470 2489 eis,
491 2416 543 2495 qui
567 2415 600 2474 in
624 2413 767 2475 custodiis
790 2413 982 2489 tenebantur,
1006 2424 1035 2476 et

149 2510 308 2577 praeterea
331 2500 367 2561 de
390 2498 427 2559 L.
448 2494 560 2570 Cassio,
581 2496 616 2556 P.
638 2493 742 2567 Furio,
758 2494 793 2554 P.
812 2493 980 2569 Umbreno,
996 2496 1033 2571 Q.

104 2580 140 2640 30
149 2578 265 2655 Annio,
280 2583 305 2643 si
325 2579 499 2662 deprehensi
519 2578 627 2651 forent,
648 2574 830 2655 supplicium
851 2576 1034 2636 sumundum

147 2659 324 2723 decreverat
334 2686 342 2733 ;
363 2664 447 2743 isque
460 2668 571 2749 postea,
585 2666 739 2739 permotus
758 2656 892 2717 oratione
913 2655 947 2717 Ο.
965 2656 1034 2717 Cae

139 2738 435 2878 gqipiepettlibusfflin
460 2741 645 2816 sementim
670 2738 737 2799 Tib.
765 2737 895 2879 Neppnis
922 2738 1034 2879 itfurum

136 2886 207 2943 uum
231 2833 403 2955 oeisllllt.
433 2824 789 2977 dseedacieesl’lfwlilmai
810 2828 890 2978 eps
905 2839 1032 2962 risillb

88 2964 180 3022 356θῦ
207 2972 338 3031 meatus
366 2977 544 3035 sententiam
579 3002 598 3039 a
632 2987 759 3056 consule,
788 2992 920 3069 hujus«,
988 2979 1032 3041 odi

124 3029 213 3086 verba
225 3030 354 3099 locutus
368 3061 430 3106 est:

155 3101 197 3154 5¹·
231 3106 249 3129 “
258 3106 381 3195 0331nes
407 3125 547 3193 homines,
568 3139 671 3200 patres
698 3141 815 3195 conseri
838 3147 863 3201 ti
947 3158 954 3170 ·
983 3119 1026 3219 gie

108 3170 198 3254 ribus,
214 3174 321 3265 dubus
345 3199 524 3264 consultant,
539 3200 580 3255 ab
599 3161 953 3281 0d10‚amic1'ssl,'1·}aq⁰¹
1001 3234 1023 3281 fe

100 3252 309 3310 mmmm
327 3281 442 3329 vacuos
455 3289 513 3328 esse
527 3273 620 3332 decet.
661 3278 756 3335 Haud
769 3284 862 3348 facile
875 3239 1017 3377 aniffis
