2392 3692
402 163 457 214 nn
474 164 594 213 annuo
616 164 864 215 Juouarurao.
1060 146 1102 216 75

162 340 236 380 mox
260 319 368 380 effirsos
394 318 493 380 hostes
519 319 625 380 invadi
652 340 754 398 posse3
781 319 943 390 Romanos,
965 321 1055 380 sicuti

163 400 330 478 plerosque,
347 408 462 460 remoto
483 407 565 459 metu
586 399 689 459 laxius
709 399 908 479 lieentiusque
927 400 1053 462 futuros.

204 479 251 541 88.
287 477 430 540 Metellus
464 480 580 540 interea
614 479 744 540 Romam
770 481 923 559 profectus
949 490 1056 543 eontra

163 579 247 638 spem
260 579 347 619 suam
360 559 541 620 laetissumis
561 559 671 620 animis
690 560 851 640 excipitur,
866 559 949 640 plebi
961 562 1054 640 patri-

163 639 288 718 busque,
309 648 468 719 postquam
495 640 614 702 invidia
640 640 815 714 deeesserat,
835 641 928 721 juxta
954 663 1051 702 carus.
1082 644 1101 702 5

162 719 223 779 Sed
247 719 365 780 Marius
389 719 518 799 impigre
541 720 765 800 prudenterque
788 741 910 782 suorum
933 732 965 783 et
988 722 1054 782 hos-

162 800 241 860 tium
269 819 316 860 res
342 800 457 879 pariter
483 801 657 873 attendere;
685 821 862 880 eognoseere
881 803 954 880 quid
982 802 1054 864 boni

162 889 197 940 ut
261 900 299 940 ue
319 889 374 940 aut
394 889 499 942 eontra
519 889 605 955 esset,
624 880 784 961 explorare
807 882 919 942 itinera
938 903 1053 961 regum,

163 899 290 1021 oohldilia
310 968 341 1020 et
361 961 485 1022 insidias
504 981 610 1022 eorum
630 962 814 1036 antevenire,
827 962 906 1022 nihil
922 964 1005 1043 apud
1022 985 1054 1024 se

162 1041 321 1100 remissum
344 1061 382 1101 ne
403 1061 441 1102 ue
464 1042 547 1121 apud
567 1041 636 1102 illos
655 1050 757 1102 tutum
777 1043 851 1123 pati
892 1041 1002 1123 Itaque
1021 1054 1051 1104 et
1064 1045 1101 1104 10

162 1119 310 1182 Gaetulos
336 1129 366 1182 et
417 1122 581 1201 ugurtham
607 1143 648 1183 ex
673 1123 760 1183 sociis
790 1123 899 1183 nostris
925 1124 1053 1203 praedas

162 1209 286 1280 agentes
310 1221 399 1281 saepe
422 1222 579 1282 aggressus
602 1203 634 1262 in
658 1203 766 1263 itinere
789 1203 920 1276 fuderat,
943 1204 1053 1282 ipsum-

162 1302 220 1361 que
289 1301 338 1341 em
350 1281 434 1342 haud
447 1283 554 1362 procul
567 1283 608 1344 ab
621 1284 732 1364 oppido
745 1283 832 1344 Cirta
851 1284 944 1344 armis
963 1305 1052 1346 exue-

162 1371 219 1422 rat.
295 1381 352 1422 uae
365 1370 524 1442 postquam
537 1363 668 1442 gloriosa
686 1364 775 1424 modo
794 1384 893 1443 nsque
913 1363 987 1425 belli
1002 1386 1053 1444 pa

162 1441 268 1502 trandi
291 1443 440 1521 eognovit,
460 1443 568 1504 statuit
592 1444 691 1517 urbes,
711 1464 790 1523 quae
809 1445 885 1506 viris
908 1455 963 1506 aut
987 1445 1099 1506 loeolb

162 1542 218 1600 pro
233 1520 369 1583 hostibus
382 1531 413 1584 et
426 1523 588 1584 advorsum
608 1545 640 1584 se
659 1525 940 1604 opportunissumae
955 1536 1051 1598 erant,

162 1601 298 1681 singulas
325 1603 560 1665 circumvenire:
582 1605 627 1665 ita
649 1604 838 1685 <Iugurtham
866 1614 920 1666 aut
945 1607 1052 1685 praesi-

162 1683 220 1742 diis
244 1682 402 1756 nudatum,
423 1683 448 1744 si
471 1704 508 1744 ea
530 1693 694 1764 pateretur,
715 1694 770 1746 aut
789 1686 904 1766 proelio
924 1695 1052 1747 certatu-

162 1782 240 1822 rum.
282 1761 363 1823 Nam
384 1761 524 1826 Booehus
543 1765 666 1826 nuntios
679 1765 803 1826 adeum
818 1787 907 1845 saepe
920 1767 1050 1839 miserat,

162 1842 242 1904 velle
255 1842 361 1923 populi
375 1843 506 1904 Romani
520 1845 702 1919 amicitiam3
723 1867 762 1907 ne
782 1846 856 1926 quid
876 1845 916 1907 ab
936 1868 967 1908 se
987 1848 1051 1908 hos
1061 1850 1100 1908 20

161 1923 216 1985 tile
229 1922 358 1984 timeret.
399 1922 438 1984 Id
454 1925 690 2000 simulaveritne,
706 1947 766 2007 quo
787 1927 965 2006 improvisus
985 1950 1051 2007 gra-

161 2004 229 2066 vior
256 2003 414 2077 assideret,
434 2024 475 2065 an
502 2005 672 2067 mobilitate
698 2007 801 2086 ingeni
828 2029 933 2086 paoem
960 2018 1051 2089 atque

161 2083 277 2143 bellum
292 2092 409 2144 mutare
422 2085 535 2158 solitus,
549 2106 658 2164 parum
672 2087 866 2167 exploratum
878 2098 930 2150 est.

201 2165 252 2226 89.
276 2162 336 2224 Sed
357 2163 470 2238 oonsul,
491 2165 537 2226 uti
557 2175 714 2240 statuerat,
736 2169 848 2248 oppida
869 2169 1051 2249 castellaque

161 2245 281 2304 munita
301 2244 393 2318 adire,
407 2245 519 2324 partim
538 2247 579 2319 vi,
593 2247 656 2307 alia
676 2258 759 2309 metu
780 2259 834 2310 aut
854 2251 988 2328 praemia
1008 2253 1098 2311 (κς-25

135 2341 138 2352 ·
159 2324 306 2385 tentando
323 2333 461 2386 avortere
474 2325 514 2386 ab
527 2326 673 2388 hostibus.
714 2328 764 2390 Ao
777 2330 875 2408 primo
888 2331 1051 2392 mediocria

159 2403 294 2484 gerebat,
318 2404 504 2467 existumans
531 2406 720 2486 Jugnrtham
748 2408 787 2470 ob
813 2431 882 2471 suos
908 2413 1050 2473 tutandos

160 2485 193 2545 in
212 2505 319 2545 manus
332 2493 505 2546 venturum.
547 2487 608 2548 Sed
628 2488 682 2550 ubi
702 2490 790 2550 illum
810 2490 913 2552 abesse
932 2501 962 2553 et
982 2494 1050 2553 aliis

160 2566 287 2644 negotiis
311 2565 462 2626 intentum
485 2569 612 2648 aceepit,
633 2571 749 2649 majora
772 2580 803 2632 et
826 2572 922 2651 magis
945 2594 1050 2653 aspera

160 2646 286 2725 aggredi
306 2653 424 2726 tempus
438 2647 537 2708 visum
557 2659 610 2710 est.
652 2651 731 2712 Erat
750 2652 830 2712 inter
850 2653 986 2732 ingentes
1005 2656 1098 2714 so·30

161 2726 304 2787 litudines
331 2727 475 2806 oppidum
503 2749 649 2810 maguum
677 2740 768 2811 atque
791 2732 905 2807 valens,
929 2735 1049 2795 nomine

160 2805 268 2886 Capsa,
283 2807 369 2886 eujus
389 2809 527 2869 eonditor
542 2811 693 2872 Hercules
707 2812 802 2893 Libys
816 2815 1047 2876 memorabatur.

160 2885 237 2966 Ejus
258 2886 338 2948 oives
358 2889 440 2967 apud
454 2889 642 2969 Jugurtham
663 2892 820 2965 immunes,
835 2894 895 2955 levi
914 2896 1048 2974 imperio,

160 2977 190 3027 et
210 2966 249 3027 ob
273 2987 309 3027 ea
332 2966 506 3030 fidelissumi
530 2971 730 3046 habebantur,
751 2974 862 3034 muniti
885 2975 1047 3036 advorsum

160 3047 258 3108 hostes
271 3069 332 3116 non
350 3049 507 3111 moenibus
528 3052 618 3112 modo
637 3062 668 3112 et
688 3054 779 3114 armis
799 3063 891 3134 atque
903 3055 984 3127 viris,
998 3077 1047 3118 ve
1057 3055 1094 3114 35

160 3149 228 3187 rum
253 3129 345 3190 etiam
369 3131 466 3191 multo
486 3132 581 3211 magis
602 3132 737 3193 looorum
757 3135 926 3213 asperitate.
967 3134 1047 3195 Nam

160 3217 281 3288 praeter
301 3210 412 3290 oppido
431 3213 610 3291 propinqua,
625 3213 686 3273 alia
700 3214 800 3273 omnia
813 3225 909 3288 vasta,
924 3216 1062 3281 incultas
1153 3259 1156 3263 -

159 3291 281 3369 egentia
294 3311 313 3349 a
335 3311 400 3364 uae,
414 3291 523 3352 infesta
536 3293 733 3370 serpentibus,
747 3313 875 3369 quarum
889 3295 944 3364 vis,
958 3295 1047 3352 sicuti

161 3369 297 3431 omnium
310 3312 453 3442 irratam,
467 3372 569 3449 inopia
589 3371 649 3430 eibi
669 3372 783 3441 aerior;
804 3372 844 3440 ad
862 3371 919 3428 hoe
937 3380 1048 3428 natura
