2392 3692
377 171 431 220 nn
449 171 571 222 arato
591 171 839 224 rosnarnrrro.
1035 159 1076 222 19

139 341 209 404 ante
229 332 284 392 hos
303 339 344 406 te,
359 329 524 410 Jugurtha‚
539 331 592 410 qui
611 340 711 392 aetate
731 341 761 392 et
781 331 929 412 sapientia
946 332 1029 411 prior

137 434 176 485 es,
191 433 229 473 ne
244 412 335 473 aliter
348 412 423 491 quid
437 413 565 486 eveniat,
580 413 739 491 providere
760 413 852 474 decet
894 411 976 472 Nam
996 414 1029 472 in

137 494 220 554 omni
245 494 410 554 certamine
434 494 486 572 qui
510 493 680 572 opulentior
703 503 756 566 est,
778 493 896 554 etiamsi
918 493 1029 572 accipit

136 574 291 647 in'uriam,
319 583 421 634 tamen
469 574 522 634 uia
548 574 617 654 plus
644 583 750 654 potest,
774 574 874 635 faeere
898 573 1027 634 videtur.

170 676 202 715 os
222 663 336 727 autem,
351 653 459 714 Adher
480 654 511 714 al
525 664 555 716 et
569 654 740 734 Hiempsal,
755 655 853 727 colite,
868 654 1026 717 observate
1057 656 1075 712 5

136 735 230 795 talem
253 734 335 795 hunc
352 735 461 808 virum,
476 735 639 795 imitamini
652 736 798 796 virtutem
818 745 849 796 et
866 735 1027 808 enitimini,

137 836 175 875 ne
210 836 266 909 ego
286 815 437 921 ”meliores
472 815 582 876 liberos
614 816 774 895 sumpsisse
801 816 907 879 videar
934 835 1026 895 quam

157 915 282 956 enulsse.

136 918 157 974 g
177 977 218 1037 11.
241 975 295 1036 Ad
308 996 344 1036 ea
358 976 380 1038 J
382 976 523 1056 ugurtha,
537 978 659 1036 tametsi
679 997 780 1056 regem
800 976 872 1038 ficta
892 976 1028 1038 locutum

137 1055 336 1136 intellegebat
362 1066 392 1117 et
419 1058 482 1136 ipse
510 1056 598 1136 longe
626 1058 716 1118 aliter
745 1058 847 1118 animo
881 1057 1076 1136 agitabatltl

137 1147 241 1198 tamen
268 1157 323 1216 pro
350 1145 411 1198 tem
452 1158 484 1197 re
517 1137 647 1217 benigne
678 1139 840 1218 respondit
897 1139 1028 1217 Micipsa

104 1228 111 1234 ”
137 1218 243 1296 paucis
270 1226 337 1296 post
364 1218 413 1279 die
435 1238 470 1278 us
497 1219 633 1279 moritur.
676 1219 841 1298 Postquam
871 1218 917 1278 illi
945 1240 1027 1280 more

136 1299 219 1377 regio
237 1299 321 1376 justa
339 1298 498 1377 magnifice
514 1299 658 1372 fecerant,
672 1299 770 1378 reguli
790 1300 822 1360 in
843 1321 939 1360 unum
959 1321 1027 1360 con·

137 1387 297 1452 venerunt,
318 1387 353 1438 ut
373 1379 453 1440 inter
476 1399 507 1440 se
531 1380 569 1440 de
593 1381 711 1440 cunctis
733 1381 860 1459 negotiis
882 1381 1027 1460 discepta-

137 1469 213 1520 rent.
256 1457 315 1520 Sed
343 1459 512 1539 Hiempsal,
538 1461 590 1539 qui
618 1460 771 1520 minumus
797 1481 837 1522 ex
865 1460 924 1521 illis
951 1462 1075 1533 erat,15

136 1549 250 1600 natura
266 1539 353 1600 ferox
374 1549 404 1601 et
419 1541 486 1620 jam
503 1550 593 1600 antea
607 1540 828 1620 ignobilitatem
843 1540 1025 1621 Jugurthac,

137 1621 210 1699 quia
231 1629 368 1680 materno
388 1641 497 1700 genere
517 1622 616 1700 impar
636 1631 711 1694 erat,
729 1622 903 1702 despiciens,
917 1623 1028 1684 dextra

136 1700 348 1761 Adherbalem
382 1702 508 1774 adsedit,
536 1722 574 1761 ne
602 1702 718 1763 medius
744 1723 784 1763 ex
811 1703 918 1776 tribus,
965 1705 1027 1764 uod

137 1781 220 1861 apud
231 1781 381 1842 Numidas
389 1781 496 1842 honori
507 1782 639 1856 ducitur,
649 1783 807 1862 Jugurtha
817 1784 904 1844 foret.
945 1726 1027 1844 hein

137 1873 241 1923 tamen
266 1871 300 1922 ut
324 1863 417 1923 aetati
440 1863 615 1924 concederet
639 1864 784 1943 fatigatus
806 1886 826 1924 a
846 1865 950 1938 fratre,
970 1867 1025 1928 vix
1035 1866 1073 1925 20

137 1944 170 2002 in
184 1951 303 2022 partem
317 1942 444 2004 alteram
460 1943 655 2004 transductus
674 1954 727 2005 est.
769 1944 819 2005 Ibi
839 1967 908 2006 cum
930 1947 1027 2007 multa

137 2023 175 2084 de
210 2023 449 2084 administrando
484 2023 610 2104 imperio
648 2025 835 2100 dissererent,
870 2027 1028 2106 Jugurtha

137 2105 217 2164 inter
241 2103 316 2164 alias
339 2125 386 2164 res
402 2104 489 2183 jacit,
510 2113 648 2184 oportere
674 2107 862 2186 quinquenni
890 2109 1028 2169 consulta

137 2193 168 2245 et
183 2185 304 2244 decreta
318 2185 419 2244 omnia
432 2184 580 2245 rescindi:
602 2206 674 2246 nam
689 2207 742 2266 per
756 2208 792 2249 ea
805 2198 942 2268 tempora
960 2210 1027 2249 con-

136 2265 252 2326 fectum
266 2265 353 2325 annis
363 2264 524 2344 Micipsam
536 2286 646 2345 parum
656 2269 757 2328 animo
767 2269 906 2330 valuisse.
948 2270 1027 2330 Turn
1037 2271 1075 2329 25

136 2345 218 2405 idem
239 2345 400 2425 Hiempsal
420 2345 539 2425 placere
559 2345 617 2406 sibi
637 2349 808 2427 respondit:
837 2371 908 2410 nam
929 2350 1028 2429 ipsum

136 2425 227 2486 illum
245 2425 344 2486 tribus
383 2426 519 2486 roxumis
539 2427 628 2488 annis
648 2429 841 2508 adoptatione
855 2431 887 2491 in
901 2451 1028 2509 regnum

137 2506 317 2586 pervenisse.
361 2447 453 2584 &uod
487 2506 615 2569 verbum
649 2509 681 2569 in
715 2519 821 2588 pectus
854 2511 1028 2589 Jugurthac

137 2587 231 2648 altius
244 2606 337 2665 quam
350 2587 509 2667 quisquam
529 2597 614 2649 ratus
632 2599 698 2650 erat
717 2590 878 2652 deseendit.
920 2590 1029 2670 Itaque

137 2688 178 2727 ex
202 2688 237 2728 eo
261 2677 395 2747 tempore
418 2668 465 2729 ira
489 2678 519 2730 et
543 2679 627 2730 metu
652 2671 763 2732 anxius
791 2671 899 2741 moliri,
920 2692 1028 2750 parare
1038 2672 1076 2731 30

138 2756 231 2826 atque
244 2768 280 2808 ea
294 2749 382 2810 modo
399 2769 468 2810 cum
489 2750 590 2811 animo
611 2751 731 2825 habere,
746 2751 855 2831 quibus
868 2751 1028 2831 Hiempsal

138 2848 194 2907 per
207 2828 310 2889 dolum
331 2839 498 2910 caperetur.
540 2831 629 2908 Quae
650 2832 704 2893 ubi
723 2833 842 2892 tardius
862 2833 1029 2912 procedunt

138 2928 237 2988 neque
264 2908 377 2970 lenitur
404 2911 523 2971 animus
549 2912 645 2985 ferox,
670 2913 778 2974 statuit
805 2913 911 2992 quovis
939 2913 1027 2974 modo

139 2989 206 3050 inco
227 2997 293 3050 tum
307 2989 457 3070 perficere.

180 3010 227 3132 lg
248 3070 351 3132 Primo
379 3080 540 3146 conventu,
568 3093 658 3152 quem
692 3074 731 3134 ab
766 3073 879 3152 regulis
913 3073 1029 3134 factum
1039 3075 1076 3133 35

139 3171 231 3230 supra
265 3154 439 3226 memoravi,
470 3164 594 3233 propter
628 3154 839 3215 dissensionem
873 3153 1030 3233 placuerat

140 3231 237 3294 dividi
262 3232 417 3295 thesauros
438 3233 571 3313 finesque
595 3234 703 3314 imperi
727 3234 853 3312 siugulis
877 3235 1028 3295 constitui.

140 3311 250 3391 Itaque
264 3323 384 3394 tempus
398 3315 438 3375 ad
452 3322 614 3392 utramque
627 3337 691 3374 rem
705 3315 885 3384 decernitur,
900 3315 952 3372 sed
969 3336 1030 3373 ma-

140 3393 239 3454 turius
256 3395 296 3455 ad
310 3396 471 3474 pecuniam
492 3395 740 3456 distribuendam.
783 3392 895 3467 Reguli
915 3393 1030 3448 interea
