2392 3692
128 138 190 203 112
413 151 438 202 c
458 150 641 201 snnrusrr
662 150 785 200 caram

174 333 239 375 sam
265 332 321 391 pro
349 331 415 373 mea
443 309 658 373 consuetudine
684 310 810 390 suscepi,
832 330 893 371 non
917 310 994 389 quin
1016 329 1068 372 aes
1175 329 1180 348 ‘

175 394 309 454 alionum
333 392 406 453 meis
429 391 602 454 nominibus
626 412 665 453 ex
689 390 922 471 possessionibus
949 391 1068 454 solvere

175 494 299 555 possem,
321 494 390 534 cum
411 481 442 533 et
462 472 568 533 alienis
595 471 768 533 nominibus
791 470 960 533 liberalitas
979 470 1068 533 Ores-

175 555 270 627 tillae,
293 554 355 614 suis
381 552 522 647 filiaeque
548 553 650 632 copiis,
678 553 878 633 persolveret3
906 552 959 613 sed
986 553 1069 632 quod

149 637 237 696 bnon
264 635 370 713 dignos
401 634 536 695 hommes
569 633 684 694 honore
714 633 888 695 honestatos
914 632 1068 705 videbam,

177 736 283 796 meque
310 715 387 775 falsa
412 714 580 793 suspicione
608 714 774 775 alienatum
801 734 863 774 esse
890 712 1067 774 sentiebam.

177 797 248 857 Hoc
268 796 389 856 nomine
409 795 481 855 satis
500 794 641 855 honestas
661 814 717 874 pro
737 814 804 855 meo
825 814 893 855 casu
914 814 982 873 spes
1000 794 1069 854 reli-

176 897 254 956 quae
281 876 436 955 dignitatis
464 874 686 937 conservandae
712 895 779 935 sum
802 882 929 935 secutus.
972 874 1070 935 Plura

178 978 245 1017 cum
265 956 395 1017 scribere
407 954 527 1029 vellem,
541 956 717 1015 nuntiatum
731 964 776 1015 est
789 954 852 1016 vim
866 953 942 1013 mihi
956 956 1069 1033 parari.

132 1037 269 1098 lONunc
296 1035 470 1097 Orestillam
499 1036 675 1098 commendo
708 1044 837 1115 tuaeque
867 1034 939 1095 fidei
970 1036 1069 1096 trado.

178 1118 258 1259 {liam
277 1116 319 1223 ab
339 1117 450 1196 injuria
471 1116 614 1177 defendas
638 1137 693 1196 per
716 1116 825 1177 liberos
845 1124 913 1176 tuos
934 1124 1068 1195 rogatus.

213 1198 328 1261 aveto.'

219 1280 269 1341 36.
297 1278 356 1339 Sed
384 1278 447 1357 ipse
473 1297 584 1357 paucos
611 1277 674 1338 dies
701 1284 903 1339 commoratus
929 1277 1016 1355 apud
1036 1276 1070 1337 C.

178 1360 365 1419 Flaminium
378 1359 411 1418 in
425 1378 499 1437 agro
512 1357 667 1430 Arretino,
681 1357 755 1418 dum
769 1357 957 1419 vicinitatem
978 1366 1073 1418 antea

132 1440 371 1501 lbsollicitatam
387 1440 482 1499 armis
496 1447 633 1511 exornat,
648 1459 718 1499 cum
738 1438 870 1499 fascibus
889 1446 983 1517 atque
1003 1438 1073 1498 aliis
1181 1467 1182 1472 ¹

179 1520 284 1601 imperi
307 1520 474 1599 insignibus
494 1520 526 1579 in
547 1527 647 1580 castra
666 1519 707 1579 ad
727 1518 880 1578 Manlium
904 1518 1070 1580 contendit.

179 1602 266 1662 Haec
286 1601 340 1660 ubi
361 1600 476 1661 Romae
497 1608 652 1679 comperta
670 1607 750 1672 sunt,
764 1607 884 1659 senatus
902 1598 1071 1659 Catilinam

178 1690 209 1743 et
242 1681 394 1741 Manlium
430 1680 529 1741 hostes
557 1679 693 1759 judicat3
728 1688 845 1740 ceterae
878 1679 1072 1740 multitudini

179 1763 259 1823 diem
273 1761 389 1834 statuit,
404 1769 475 1821 ante
489 1780 579 1840 quam
593 1761 657 1821 sine
671 1760 779 1820 fraude
793 1759 897 1821 liceret
917 1758 957 1819 ab
978 1761 1071 1820 armis

132 1844 170 1905 20
179 1843 338 1914 discedere,
367 1850 486 1921 practer
513 1861 615 1901 rerum
643 1861 679 1901 ca
700 1840 819 1901 italium
853 1840 1069 1902 condemnatis.

179 1923 341 1984 Praeterea
361 1922 503 1994 decernit,
520 1922 566 1981 uti
591 1861 727 1981 consules
750 1920 901 1982 delectum
927 1920 1070 1993 habeant,

180 2005 332 2065 Antonius
347 2024 416 2063 curn
430 2002 564 2062 exercitu
582 2000 747 2062 Catilinam
767 2001 906 2080 persequi
927 2009 1070 2073 maturet,
1181 2031 1185 2052 ι

181 2084 286 2145 Cicero
306 2083 376 2144 urbi
396 2083 545 2162 praesidio
566 2082 613 2143 sit.
656 2081 705 2142 Ea
724 2089 903 2160 tempestate
921 2082 998 2141 mihi
1016 2082 1070 2141 im·

179 2165 296 2243 perium
324 2164 428 2243 populi
456 2163 587 2223 Romani
611 2162 708 2222 multo
732 2181 875 2221 maxume
897 2161 1070 2222 miserabile

132 2246 170 2305 25
179 2245 277 2306 visum
292 2254 352 2317 est;
374 2244 423 2305 cui
444 2264 513 2304 cum
534 2244 574 2303 ad
594 2263 733 2304 oceasum
747 2241 788 2302 ab
801 2251 870 2302 ortu
884 2242 955 2303 solis
968 2243 1070 2302 omnia

180 2325 294 2385 domita
317 2325 408 2385 armis
432 2332 582 2402 parerent,
604 2323 686 2383 domi
706 2323 800 2383 otium
822 2330 915 2401 atque
934 2322 1069 2395 divitiae,

180 2426 257 2485 quae
270 2406 369 2485 prima
383 2404 524 2465 mortales
538 2412 656 2483 putant,
671 2402 848 2475 adfluerent,
863 2402 948 2463 fuere
966 2412 1068 2464 tamen

180 2487 268 2558 cives,
283 2486 335 2564 qui
355 2504 444 2564 seque
465 2504 587 2563 remque
608 2483 763 2563 publicam
784 2482 942 2544 obstinatis
961 2484 1070 2543 animis

179 2566 331 2646 perditum
358 2566 446 2626 irent.
496 2564 637 2644 Namque
664 2563 782 2625 duobus
808 2564 905 2624 senati
933 2564 1069 2635 decretis,

132 2648 171 2708 30
179 2668 219 2708 ex
239 2655 325 2707 tanta
347 2644 543 2705 multitudine
563 2665 660 2724 neque
684 2645 817 2724 praemio
840 2644 984 2705 inductus
1002 2665 1069 2705 con·

181 2728 366 2808 jurationem
393 2726 575 2805 patefecerat
603 2745 699 2805 neque
726 2746 766 2786 ex
793 2725 898 2785 castris
918 2723 1069 2785 Catilinae

181 2809 339 2888 quisquam
363 2807 497 2867 omnium
522 2807 713 2867 discesserat:
742 2814 828 2866 tanta
848 2805 894 2865 vis
914 2804 1012 2865 morbi
1032 2825 1068 2865 ac

180 2889 277 2951 veluti
291 2888 375 2949 tabes
388 2887 545 2966 plerosque
559 2887 673 2948 civium
687 2886 802 2946 animos
815 2886 977 2947 invaserat.

223 2971 270 3032 37.
285 2968 392 3047 Neque
405 2967 502 3028 solum
516 2966 577 3027 illis
591 2966 692 3027 aliena
705 2987 789 3027 mens
802 2974 876 3038 erat,
891 2966 943 3044 qui
958 2966 1068 3027 conscii

135 3053 172 3113 35
182 3049 396 3131 conjurationis
409 3048 538 3119 fuerant,
552 3048 605 3108 sed
625 3047 747 3108 omnino
768 3056 878 3108 cuncta
897 3046 999 3125 plebes
1018 3066 1069 3106 no

182 3152 290 3194 varum
319 3150 419 3188 rerum
446 3128 546 3188 studio
573 3127 723 3188 Catilinae
757 3128 877 3207 incepta
909 3125 1067 3205 probabat.

183 3211 220 3270 Id
242 3209 316 3269 adeo
337 3228 418 3267 more
438 3227 491 3266 suo
511 3206 673 3281 videbatur
697 3207 804 3267 facere.
846 3206 927 3267 Nam
950 3227 1069 3286 semper

182 3290 214 3348 in
233 3289 364 3357 civitate,
379 3285 487 3363 quibus
508 3305 576 3362 opes
596 3285 701 3344 nullae
720 3297 800 3357 sunt,
814 3286 901 3346 bonis
921 3287 1070 3359 invident,

183 3366 277 3426 malos
297 3364 458 3435 extollunt,
479 3372 581 3424 vetera
602 3364 700 3436 odere,
720 3385 801 3426 nova
823 3374 982 3447 exoptant,
1000 3367 1071 3428 odio
