2392 3692
389 181 443 230 nn
461 181 583 232 snare
604 180 852 233 succurritne.
1046 165 1089 229 25

149 354 279 407 mortem
297 361 400 404 severe
414 341 631 403 vindicandam
651 339 830 413 censebaut;
850 340 903 402 sed
923 360 963 401 ex
982 361 1044 401 om·

149 427 239 491 nibus
261 425 406 484 maxume
422 421 574 483 Aemilius
594 421 734 495 Scaurus,
748 420 839 482 homo
858 419 978 495 nobilis,
990 422 1044 482 im·

149 510 245 588 piger,
257 504 409 576 factiosus,
418 503 527 564 avidus
541 503 703 582 potentiae,
714 503 844 576 honoris,
854 503 1043 576 divitiarum,

150 599 285 651 ceterum
306 585 384 647 vitia
410 603 466 644 sua
493 583 603 644 callide
626 583 790 644 occultans.
831 583 864 644 Is
884 592 1043 663 postquam

150 670 234 732 videt
262 667 340 746 regis
368 663 561 744 largitionem
588 665 735 725 famosam
765 665 807 724 im
830 665 1040 743 udentemque,
1072 662 1091 721 5

150 751 276 822 veritus,
298 747 380 828 quod
404 747 437 807 in
459 745 517 805 tali
540 765 573 804 re
600 744 684 819 solet,
708 765 748 806 ne
774 685 893 824 polluta
919 745 1043 806 licentia

151 831 301 894 invidiam
325 828 512 900 accenderet,
537 826 675 886 animum
696 846 716 887 a
739 834 882 887 consueta
905 825 1042 888 lubidine

152 911 311 974 continuit.

194 993 242 1055 16.
263 991 349 1052 Vicit
375 998 477 1050 tamen
501 989 533 1048 in
556 996 664 1048 senatu
688 1007 758 1066 pars
782 986 846 1059 illa,
870 1008 949 1065 quaa
971 1009 1044 1050 vero

153 1073 288 1153 pretium
315 1080 369 1132 aut
396 1069 526 1150 gratiam
555 1068 752 1129 anteferebat.
807 1067 974 1130 Decretum
1000 1070 1044 1143 lit,
1055 1072 1093 1132 10

154 1154 201 1214 uti
221 1154 325 1214 decem
345 1151 439 1231 legati
458 1170 595 1230 regnum,
610 1149 691 1228 quod
712 1149 843 1228 Micipsa
863 1148 1045 1224 obtinuerat,

154 1235 235 1294 inter
255 1233 444 1313 Jugurtham
457 1241 488 1293 et
501 1230 709 1292 Adherbalem
730 1229 909 1291 dividerent.
950 1231 1045 1311 Cujus

154 1315 315 1394 legationis
335 1314 474 1393 princeps
494 1311 553 1373 fuit
574 1312 612 1372 L.
633 1311 782 1391 Opimius,
796 1310 886 1371 homo
900 1310 1046 1373 cluniset

156 1405 222 1456 tum
237 1395 270 1455 in
283 1403 389 1456 senatu
403 1401 518 1474 potens,
532 1393 605 1472 quia
624 1392 737 1465 consul,
751 1390 785 1453 C.
800 1388 942 1452 Graccho
956 1402 986 1452 et
1000 1393 1044 1454 M.

155 1476 270 1538 Fulvio
291 1475 403 1536 Flacco
423 1473 597 1548 interfectis,
612 1493 768 1534 acerrume
781 1473 941 1534 victoriam
962 1473 1046 1534 nobi·
1055 1476 1093 1534 15

97 1622 108 1639 ,
156 1555 622 1637 litatisinplebemexerouerat.
665 1553 746 1612 Eum
756 1553 916 1632 Jugurtha
925 1556 1046 1615 tametsi

156 1639 273 1698 Romae
296 1638 329 1697 in
357 1636 487 1697 inimicis
510 1634 668 1707 habuerat,
688 1643 790 1695 tamen
812 1634 1047 1696 accuratissume

156 1719 277 1797 recepit,
292 1717 393 1779 dando
407 1725 437 1777 et
450 1715 622 1796 pollicendo
634 1715 734 1776 multa
746 1715 879 1795 perfecit,
894 1715 941 1774 uti
954 1715 1045 1786 fama,

155 1799 225 1872 fide,
239 1808 389 1878 postremo
409 1796 548 1858 omnibus
567 1797 629 1858 suis
649 1795 739 1858 rebus
759 1795 950 1858 commodum
968 1797 1047 1875 regis

156 1880 328 1940 anteferret.
371 1878 516 1957 Reliquos
543 1878 657 1957 legatos
683 1878 788 1938 eadem
809 1877 861 1938 via
881 1896 1046 1956 aggressus,
1055 1879 1095 1940 20

178 1961 255 2022 leros
276 1981 313 2021 ue
341 1960 442 2040 eapit;
462 1958 568 2038 paucis
589 1958 688 2020 carior
711 1958 785 2018 fides
804 1977 896 2038 quam
956 1958 1047 2019 cunia

156 1983 223 2102 hit.
325 2040 481 2112 divisione,
502 2059 580 2118 quae
603 2059 675 2118 pars
701 2039 866 2100 Numidiae
929 2048 1046 2100 aureta-

156 2124 240 2182 niam
265 2123 342 2182 attin
366 2121 397 2194 't,
418 2141 492 2200 agro
512 2119 645 2200 virisque
669 2119 848 2199 opulentior,
872 2119 1046 2199 «Iugurthae

156 2203 307 2276 traditur;
330 2204 336 2216 '
364 2223 414 2262 am
434 2201 563 2262 alteram
583 2199 681 2279 specie
699 2221 791 2280 quam
811 2221 867 2260 usu
889 2201 1043 2280 potiorem,

178 2303 235 2344 uae
262 2283 431 2362 portuosior
455 2291 486 2342 et
510 2280 654 2342 aedificiis
680 2281 777 2361 magis
796 2291 944 2342 exornata
971 2283 1094 2356 erat,25

189 2363 316 2424 dherbal
330 2363 468 2443 possedit.

198 2445 240 2506 17.
263 2443 323 2504 Res
347 2443 500 2524 postulare
522 2442 646 2504 videtur
672 2440 797 2503 Africae
824 2441 916 2503 situm
942 2443 1047 2522 paucis

157 2545 307 2604 exponere
321 2533 352 2585 et
365 2545 415 2584 eas
428 2522 737 2604 gentes,·quibuscum
754 2522 840 2583 nobis
859 2523 973 2584 bellum
992 2533 1047 2584 aut

157 2605 291 2667 amicitia
311 2605 379 2678 fuit,
397 2605 554 2684 attingere
595 2603 656 2664 Sed
677 2624 754 2682 quac
775 2603 841 2664 loca
861 2614 892 2665 et
911 2605 1047 2666 nationes

158 2686 196 2747 ob
217 2686 347 2748 calorem
368 2694 474 2746 antas
512 2685 645 2757 ritatem,
659 2685 732 2746 item
751 2684 927 2746 solitudines
948 2687 1047 2746 minus
1056 2687 1095 2746 30

157 2767 349 2846 frequentata
368 2774 449 2839 sunt,
485 2767 557 2827 seis
570 2765 654 2826 haud
668 2765 758 2826 facile
772 2775 959 2844 compertum
979 2787 1046 2827 nar·

158 2847 307 2920 raverim;
328 2855 428 2908 cetera
442 2867 534 2927 quam
547 2846 745 2926 paucissumis
759 2845 923 2907 absolvam.

198 2927 405 2989 indivisione
433 2926 512 2987 orbis
540 2936 640 2988 terrae
663 2926 799 3005 plerique
822 2927 854 2986 in
879 2936 965 3006 parte
989 2936 1047 2988 tor·

158 3009 202 3068 tia
226 3007 366 3068 Africam
390 3028 523 3086 posuere,
540 3007 630 3087 pauci
656 3007 867 3068 tantummodo
887 3006 995 3068 Asiam
1016 3016 1047 3068 et

159 3088 315 3167 Europam
339 3108 408 3161 esse,
429 3088 481 3157 sed
505 3088 646 3149 Africam
670 3089 702 3147 in
727 3087 861 3166 Europa.
903 3087 951 3147 Ea
973 3088 1046 3148 fines
1055 3087 1093 3148 35

158 3169 250 3229 habet
271 3168 310 3229 ab
332 3169 485 3229 occidente
508 3169 620 3229 fretum
643 3168 738 3229 nostri
762 3169 854 3227 maris
874 3176 904 3228 et
923 3167 1046 3241 Oceani,

158 3249 198 3309 ab
227 3258 295 3310 ortu
323 3248 392 3309 solis
417 3248 564 3311 declivem
591 3249 795 3319 latitudinem,
824 3268 913 3326 quem
946 3248 1046 3309 locum

159 3329 383 3391 Catabathmon
403 3329 518 3390 incolae
539 3328 703 3407 appellant.
745 3329 833 3386 Mare
846 3347 979 3396 saevum,
993 3329 1046 3384 im·

158 3421 343 3496 portuosum,
358 3429 430 3488 ager
444 3409 568 3488 frugum
582 3407 700 3477 fertilis,
713 3405 810 3464 bonus
823 3404 932 3480 pecori,
946 3403 1047 3461 arbori
