2392 3692
91 113 133 176 64
377 127 402 177 c.
422 127 602 179 sarrusrr
623 126 743 177 cnrsrr

138 284 246 358 adfuit,
267 283 310 344 ibi
331 284 519 363 aliquamdiu
541 293 706 357 certatum3
729 285 820 346 ceteri
840 287 904 366 ejus
925 307 1026 348 omnes

137 367 248 426 milites
272 365 370 444 primo
393 385 551 444 congressu
575 365 656 444 pulsi
679 365 845 445 fugatique.
895 367 1027 428 Romani

137 447 299 526 signorum
318 454 348 506 et
376 465 529 505 armorum
557 445 713 524 aliquanto
737 467 871 520 numere,
895 447 1027 508 hostium

138 547 303 607 paucorum
324 526 429 606 potiti:
458 545 529 585 nam
554 525 648 586 ferme
672 525 815 587 Numidis
834 527 867 586 in
888 529 1027 589 omnibus

110 608 259 688 5proeliis
273 607 368 686 magis
382 606 473 686 pedes
487 625 578 684 quarn
593 626 679 666 arma
692 616 761 666 tuta
773 615 852 668 sunt.

180 689 224 751 75.
247 688 295 748 Ea
309 688 382 767 fuga
395 686 553 766 Jugurtha
566 686 729 765 impensius
749 687 839 748 modo
858 688 947 749 rebus
966 689 1028 749 suis

137 769 275 829 diffidens
296 789 365 830 cum
386 767 519 847 perfugis
539 775 569 827 et
590 776 677 846 parte
700 768 852 846 equitatus
873 769 903 827 in
925 769 1028 829 solitu·

139 851 233 922 dines,
254 849 324 909 dein
346 848 475 908 Thalam
497 847 644 925 pervenit,
663 848 695 908 in
715 848 861 927 oppidum
881 869 1028 928 magnum

137 940 228 1008 atque
249 929 435 1008 opulentum,
450 928 503 988 ubi
524 927 660 1007 plerique
680 928 815 989 thesauri
835 928 1028 1009 filiorumque

91 1011 128 1070 10
138 1011 201 1089 ejus
222 1010 336 1070 multus
356 1009 504 1088 pueritiae
525 1008 625 1068 cultus
646 1017 719 1069 erat.
761 1007 851 1086 Quae
868 1017 1028 1088 postquam

138 1090 264 1150 Metello
292 1098 444 1168 comperta
471 1097 550 1162 sunt,
578 1106 763 1168 quamquam
789 1089 869 1148 inter
896 1089 1028 1150 Thalam

137 1171 310 1249 flumenque
337 1190 521 1249 proxumum
548 1169 579 1228 in
608 1170 705 1248 spatio
734 1169 852 1229 milium
880 1171 1028 1250 quinqua·

137 1252 223 1330 ginta
243 1251 310 1311 loca
330 1251 417 1310 arida
438 1258 529 1329 atque
543 1258 630 1310 vasta
643 1270 705 1310 esse
719 1259 910 1329 cognoverat,
923 1259 1028 1311 tamen

136 1353 189 1412 spe
203 1331 345 1410 patrandi
359 1330 441 1403 belli,
455 1330 481 1390 si
494 1331 557 1410 ejus
572 1330 674 1409 oppidi
689 1330 802 1409 potitus
823 1330 910 1404 foret,
924 1351 1028 1391 omnes

92 1413 313 1491 Idasperitates
339 1410 539 1490 supervadere
566 1430 602 1470 ae
629 1418 772 1470 naturam
792 1411 884 1471 etiarn
904 1411 1029 1472 vincere

90 1559 91 1562 Ἴ
137 1493 321 1572 aggreditur.
364 1491 464 1570 Igitur
492 1490 592 1550 omnia
616 1491 755 1570 jumenta
781 1492 906 1557 sarcinis
930 1491 1028 1552 levari

139 1573 228 1654 jubet
248 1573 306 1632 nisi
327 1572 478 1631 frumento
499 1571 616 1631 dierum
637 1571 756 1643 decem;
785 1581 919 1633 ceterum
944 1581 1028 1632 utres

138 1654 227 1714 modo
247 1663 277 1713 et
299 1652 359 1712 alia
380 1672 476 1732 aquae
494 1651 603 1711 idonea
618 1652 740 1731 portari.
783 1651 945 1713 Praeterea
958 1673 1028 1712 con-

137 1735 231 1813 quirit
245 1754 283 1793 ex
298 1733 377 1812 agris
391 1753 483 1812 quam
501 1732 677 1811 plurumum
698 1742 795 1811 potest
816 1733 922 1794 domiti
942 1753 1028 1812 peco-

90 1817 128 1876 20
140 1816 196 1887 ris;
225 1835 260 1875 eo
281 1813 408 1892 imponit
429 1833 502 1874 vasa
523 1813 666 1891 cujusque
693 1813 784 1885 modi,
805 1812 857 1873 sed
881 1813 1028 1892 pleraque

138 1896 247 1976 lignea,
272 1894 399 1955 collecta
420 1913 459 1954 ex
482 1892 613 1972 tuguriis
636 1891 850 1953 Numidarum.
893 1893 945 1953 Ad
968 1892 1028 1954 hoc

137 1975 284 2036 finitumis
304 1975 442 2052 imperat,
464 1974 516 2053 qui
536 1993 566 2033 se
587 1982 653 2051 post
674 1973 752 2052 regis
771 1973 877 2053 fugam
897 1973 1027 2034 Metello

137 2058 293 2129 dederant,
307 2076 398 2134 quarn
413 2055 589 2134 plurumum
610 2054 736 2133 quisque
756 2074 854 2132 aquae
873 2061 1027 2133 portaret;

137 2139 217 2198 diem
238 2137 407 2216 locumque,
421 2135 474 2196 ubi
495 2141 613 2213 praesto
633 2134 756 2207 fuerint,
778 2135 942 2214 praedicit;
962 2135 1029 2214 ipse

90 2219 176 2279 25ex
204 2218 337 2289 flumine,
362 2235 453 2296 quam
481 2235 661 2294 proxumam
689 2215 799 2294 oppido
826 2235 938 2295 aquarn
964 2235 1029 2276 esse

137 2319 229 2378 supra
243 2298 384 2370 diximus,
395 2298 534 2376 jumenta
555 2305 676 2355 onerat:
698 2316 732 2356 eo
753 2296 841 2372 modo
861 2297 1029 2357 instructus

137 2382 177 2441 ad
204 2378 333 2438 Thalam
361 2377 568 2456 proficiscitur.
610 2375 730 2436 Deinde
757 2375 810 2436 ubi
842 2377 882 2436 ad
909 2376 941 2436 id
967 2375 1030 2436 loci

136 2468 272 2531 ventum,
293 2479 353 2537 quo
374 2457 516 2517 Numidis
537 2465 739 2536 praeceperat,
759 2466 790 2516 et
810 2464 910 2516 castra
929 2457 1030 2535 posita

136 2541 313 2618 munitaque
333 2546 413 2611 sunt,
427 2547 514 2598 tanta
534 2545 656 2617 repente
671 2537 753 2598 caelo
767 2536 856 2596 missa
869 2536 916 2598 vis
930 2556 1030 2615 aquae

89 2622 257 2693 addicitur,
278 2628 312 2680 ut
333 2640 369 2680 ea
390 2619 477 2679 modo
498 2619 646 2679 exercitui
670 2618 741 2678 satis
768 2636 917 2696 superque
940 2616 1029 2678 foret.

137 2703 298 2762 Praeterea
326 2707 508 2761 commeatus
535 2719 595 2776 spe,
614 2698 751 2776 amplior,
772 2698 844 2776 quia
864 2697 1029 2771 Numidae,

86 2779 87 2782 ’
136 2784 226 2844 sicuti
240 2781 375 2861 plerique
389 2780 421 2839 in
436 2798 516 2839 nova
530 2778 691 2851 deditione,
706 2778 804 2840 officia
824 2778 1028 2839 intenderant.

137 2863 279 2924 Ceterum
303 2861 414 2921 milites
438 2859 582 2938 religione
606 2860 713 2938 pluvia
736 2859 832 2938 magis
855 2859 910 2932 usi,
931 2878 1030 2937 eaque

137 2965 183 3005 res
205 2943 336 3003 multum
362 2941 469 3001 animis
493 2960 596 3000 eorum
621 2940 757 3001 addidit:
785 2960 856 3000 nam
881 2939 941 2999 rati
964 2959 1030 3000 sese

91 3025 130 3085 35
138 3025 185 3085 dis
211 3021 432 3083 immortalibus
460 3041 550 3081 curae
578 3041 647 3080 esse.
690 3020 809 3080 Deinde
836 3028 954 3098 postero
977 3019 1030 3080 die

138 3113 248 3165 contra·
264 3103 435 3182 opinionem
450 3101 471 3161 J
473 3100 623 3178 ugurthae
637 3101 676 3162 ad
691 3099 821 3161 Thalam
834 3100 1028 3180 perveniunt.

137 3183 300 3262 Oppidani,
320 3183 373 3262 qui
393 3203 424 3242 se
444 3181 578 3240 locorum
600 3182 760 3258 asperitate
781 3181 912 3242 munitos
933 3180 1028 3241 credi-

138 3265 254 3335 derant,
282 3282 394 3340 magna
428 3269 519 3338 atque
553 3259 675 3321 insolita
702 3282 735 3321 re
762 3260 901 3340 perculsi,
929 3262 1030 3324 nihilo

137 3344 257 3423 segnius
271 3341 386 3402 bellum
400 3359 526 3419 parare;
547 3338 626 3398 idem
640 3341 733 3400 nostri
748 3341 854 3402 facere.
