2392 3692
335 198 390 250 ne
413 196 693 251 corruscantem
715 196 922 250 carissima.
1034 182 1097 248 113

157 376 285 419 suarum
310 376 412 415 rerum
436 356 548 416 mutari
572 356 673 417 omnia
695 356 826 428 student,
847 354 939 416 turba
958 364 1050 435 atque

157 434 358 497 seditionibus
391 436 455 496 sine
488 456 562 497 cura
589 436 732 508 aluntur;
766 437 908 515 quoniam
935 445 1050 515 egestas

158 517 250 578 facile
273 516 404 576 habetur
425 516 488 577 sine
512 517 631 577 damno.
672 516 732 577 Sed
752 516 870 577 urbana
890 516 1001 596 plebes,
1014 538 1050 577 ea

157 618 233 660 vero
248 618 390 676 praeceps
404 605 468 657 erat
483 597 520 657 de
534 597 638 657 multis
653 597 757 659 causis.
799 597 937 657 Primum
956 599 1050 658 omni-

158 699 222 750 um,
248 678 300 755 qui
323 678 435 756 ubique
462 675 572 756 probro
600 687 691 755 atque
714 678 883 757 petulantia
907 698 1050 738 maxume
1079 679 1097 736 5

157 764 364 845 praestabant,
380 766 452 826 item
466 765 519 826 alii
533 787 587 845 per
601 766 748 827 dedecora
761 765 950 845 patrimoniis
963 765 1050 825 amis·

157 846 207 919 sis,
236 854 386 924 postremo
417 867 527 919 omnes,
555 868 629 925 quos
661 846 812 926 flagitium
845 856 899 907 aut
919 846 1049 906 'facinus

156 935 248 995 domo
269 934 439 1014 expulerat,
455 933 488 994 hi
510 932 640 993 Romam
660 932 737 993 sicut
758 933 790 993 in
810 933 959 993 sentinam
981 954 1048 992 con-

156 1015 322 1075 fluxerant.
358 1014 477 1075 Deinde
487 1013 576 1074 multi
587 1033 732 1073 memores
742 1012 887 1073 Sullanae
895 1013 1047 1086 victoriae,

156 1095 240 1175 quod
256 1116 293 1156 ex
308 1096 453 1175 gregariis
467 1093 614 1155 militibus
635 1093 709 1153 alios
729 1102 880 1153 senatores
893 1092 1048 1165 videbant,
1058 1093 1096 1152 10

156 1176 234 1236 alios
250 1175 295 1236 ita
313 1176 430 1246 divites,
444 1184 478 1235 ut
499 1175 581 1254 regio
594 1174 678 1236 victu
700 1183 791 1252 atque
811 1173 897 1234 cultu
917 1182 1048 1234 aetatem

156 1265 293 1335 agerent,
314 1255 371 1316 sibi
392 1256 526 1335 quisque,
547 1255 625 1315 siin
646 1255 738 1314 armis
757 1254 843 1326 foret,
860 1274 899 1314 ex
920 1255 1049 1315 victoria

155 1335 235 1397 talia
261 1336 410 1415 sperabat.
452 1335 613 1396 Praeterea
635 1336 790 1415 juventus,
812 1354 889 1412 quae
912 1335 945 1393 in
968 1336 1048 1413 agris

155 1437 306 1477 manuum
320 1416 456 1477 mercede
470 1416 603 1495 inopiam
614 1416 805 1488 toleraverat,
816 1414 944 1493 privatis
958 1424 1049 1493 atque

155 1496 289 1577 publicis
303 1496 513 1576 largitionibus
526 1496 628 1557 exeita
641 1495 792 1556 urbanum
813 1495 908 1554 otium
929 1495 1049 1575 ingrato
1059 1496 1096 1554 15

155 1577 258 1638 labori
278 1578 481 1656 praetulerat;
509 1597 558 1637 eos
586 1585 676 1656 atque
702 1576 778 1637 alios
804 1596 906 1635 omnes
932 1575 1047 1635 malum

155 1657 316 1739 publicum
337 1657 447 1718 alebat.
489 1657 560 1734 Quo
580 1657 681 1717 minus
700 1657 873 1717 mirandum
892 1664 937 1716 est
955 1655 1049 1715 homi-

155 1759 212 1799 nes
236 1746 365 1817 egentes,
390 1737 477 1798 malis
501 1738 644 1810 moribus,
664 1758 810 1797 maxuma
829 1757 890 1815 spe,
911 1736 955 1796 rei
975 1736 1050 1815 pub

155 1820 236 1880 lioae
252 1820 346 1898 juxta
369 1838 406 1879 ac
429 1817 486 1879 sibi
507 1818 696 1879 consuluisse.
738 1818 900 1878 Praeterea
920 1837 1049 1895 quorum

156 1899 289 1960 victoria
309 1898 413 1960 Sullae
434 1907 573 1978 parentes
593 1899 761 1978 proscripti,
775 1898 855 1959 bona
875 1906 988 1977 erepta,
998 1898 1049 1976 jus
1059 1897 1098 1957 20

157 1980 308 2040 libertatis
336 1980 530 2039 imminutum
559 1988 634 2051 erat,
655 1980 737 2039 haud
763 1999 836 2038 sane
862 1978 923 2038 alio
947 1979 1049 2037 animo

156 2058 233 2121 belli
260 2068 403 2122 eventum
430 2058 656 2138 exspectabant.
706 2059 759 2119 Ad
786 2059 840 2119 hos
868 2059 1050 2137 quicumque

156 2140 289 2201 aliarum
317 2149 409 2219 atque
435 2149 556 2201 senatus
582 2140 717 2219 partium
751 2148 846 2211 erant,
875 2139 1050 2200 conturbari

155 2240 223 2281 rem
271 2220 406 2281 ublicam
433 2241 525 2299 quam
553 2220 652 2281 minus
676 2220 778 2281 valere
805 2220 862 2299 ipsi
886 2220 1049 2281 malebant.

156 2301 198 2361 Id
266 2321 301 2361 eo
329 2301 443 2361 malum
471 2301 581 2361 multos
613 2309 679 2379 post
714 2321 808 2362 annos
836 2301 867 2360 in
895 2301 1049 2363 civitatem
1060 2300 1097 2358 25

155 2389 336 2443 revorterat.

200 2463 248 2524 38.
271 2460 353 2521 Nam
380 2470 538 2546 postquam
567 2460 622 2521 Cn.
651 2460 795 2540 Pompeio
819 2470 849 2521 et
874 2461 918 2521 M.
943 2460 1051 2521 Crasso

156 2541 343 2615 consulibus,
356 2542 521 2602 tribunicia
541 2550 672 2620 potestas
693 2542 833 2602 restituta
849 2550 901 2613 est,
916 2542 1051 2602 homines

156 2622 374 2694 adulescentes,
388 2642 535 2682 summam
550 2630 728 2700 potestatem
742 2622 834 2694 nacti,
845 2622 954 2701 quibus
968 2632 1051 2681 aetas

156 2704 338 2781 animusque
359 2703 445 2763 ferox
466 2711 540 2773 erat,
562 2722 684 2780 coepere
704 2710 840 2763 senatum
862 2703 1050 2763 criminando
1061 2703 1099 2761 30

157 2782 279 2864 plebem
293 2783 457 2862 exagitare,
472 2783 542 2843 dein
561 2781 722 2861 largiundo
743 2791 833 2861 atque
854 2783 1051 2862 pollicitando

157 2864 256 2943 magis
266 2864 497 2935 incendere;ita
507 2863 564 2942 ipsi
573 2863 648 2923 olari
656 2872 850 2942 potentesque
860 2863 934 2924 fieri.
976 2863 1052 2923 Con·

158 2954 209 3004 tra
222 2964 272 3004 eos
286 2964 403 3004 summa
417 2964 472 3023 ope
486 2943 641 3003 nitebatur
651 2943 796 3023 pleraque
807 2943 957 3017 nobilitas,
968 2964 1051 3003 sena-

158 3034 209 3085 tus
222 3024 329 3103 specie,
344 3044 398 3103 pro
412 3044 467 3085 sua
481 3024 698 3103 magnitudine.
740 3024 881 3103 Namque
891 3026 937 3085 uti
947 3024 1052 3103 paucis

158 3124 269 3166 verum
287 3104 451 3177 absolvam,
466 3113 533 3183 post
554 3104 610 3164 illa
630 3113 766 3184 tempora
786 3106 967 3183 quicumque
988 3102 1099 3163 remae

157 3182 315 3265 publicam
343 3186 505 3265 agitavere,
527 3184 658 3245 honestis
685 3184 865 3258 nominibus,
887 3185 940 3244 alii
963 3184 1052 3244 sicuti

158 3264 266 3345 populi
289 3266 362 3345 jura
389 3265 593 3336 defenderent,
621 3285 691 3343 pars
718 3286 777 3343 quo
804 3274 925 3324 senatus
952 3272 1052 3322 aucto

158 3346 235 3405 ritas
262 3366 408 3406 maxuma
434 3346 521 3417 foret,
543 3344 657 3403 bonum
684 3344 840 3421 publicum
866 3341 1051 3411 simulantes,

159 3446 216 3506 pro
243 3446 299 3486 sua
326 3426 455 3513 quisque
483 3424 619 3503 potentia
653 3421 827 3488 certabant;
861 3438 957 3494 neque
991 3418 1052 3476 illis

271 3522 375 3573 8—Sal.
