2392 3692
396 164 451 215 nn
470 163 588 214 annno
610 162 856 216 Juounrnmo.
1050 147 1095 214 35

152 323 284 384 Necesse
318 332 363 384 est
398 331 514 384 suomet
547 323 605 403 ipsi
639 343 722 384 more
755 321 934 402 praecipites
965 331 1045 383 eant.

151 404 263 464 Occiso
276 403 322 464 Ti.
337 402 487 477 Graccho,
503 424 592 484 quem
606 424 733 482 regnum
787 424 856 463 rare
869 402 1000 475 aiebant,
1014 404 1048 463 in

152 483 275 564 plebem
297 483 471 544 Romanam
511 485 678 545 uaestiones
705 484 746 544 ha
768 484 828 544 itae
854 493 933 544 sunt
975 484 1047 545 Post

153 564 189 625 O.
205 563 341 625 Gracchi
361 573 392 624 et
413 565 456 624 M.
507 564 573 625 ulvi
593 565 717 626 caedem
737 565 810 624 item
824 565 917 625 vostri
933 565 1047 625 ordinis

154 643 248 704 multi
268 644 410 705 mortales
437 645 469 704 in
497 665 618 706 earcere
643 645 744 705 necati
770 654 860 717 sunt;
887 645 969 705 utriu
1007 665 1045 704 ue
1075 646 1094 704 5

155 725 252 786 cladis
263 745 324 785 non
335 724 396 798 lex,
405 745 511 787 verum
525 725 631 786 lubido
644 745 749 785 eorum
762 725 854 785 linem
867 725 946 786 fecit

154 826 229 866 sane
250 805 343 866 fuerit
364 807 449 885 regni
469 806 587 885 paratio
601 804 685 885 plebi
698 826 753 866 sua
766 806 941 880 restituam
962 807 1046 885 quid·

156 886 232 965 quid
251 886 315 946 sine
333 887 480 965 sanguine
495 886 608 948 civium
621 885 727 948 ulcisci
740 887 892 965 nequitur,
903 887 973 966 jure
987 887 1046 947 fac-

155 977 225 1027 tum
253 967 300 1027 sit.
342 966 552 1045 Superioribus
579 968 666 1027 annis
692 966 780 1028 taciti
806 966 1047 1045 indignabamini

157 1046 311 1106 aerarium
335 1047 474 1126 expilari,
498 1067 582 1126 reges
606 1056 637 1107 et
660 1047 787 1126 populos
810 1046 919 1108 liberos
942 1048 1047 1126 paucis
1057 1047 1095 1107 10

157 1125 311 1187 nobilibus
334 1127 467 1207 vectigal
490 1127 629 1207 pendere,
654 1148 744 1206 penes
771 1128 890 1189 eosdem
915 1137 946 1188 et
969 1149 1048 1188 sum-

158 1228 240 1267 mam
268 1206 396 1286 gloriam
422 1215 453 1268 et
480 1227 641 1268 maxumas
667 1208 790 1270 divitias
816 1228 886 1268 esse.
932 1207 1048 1268 Tamen

157 1289 234 1349 haec
261 1287 336 1348 talia
362 1288 497 1349 facinora
524 1289 567 1348 im
589 1309 648 1349 une
675 1289 837 1368 suscepisse
864 1309 972 1367 parum
996 1290 1048 1349 ha-

157 1369 261 1442 buere,
276 1369 378 1449 itaque
392 1378 541 1448 postremo
562 1309 651 1448 liges,
666 1370 805 1449 majestas
819 1379 928 1443 vostra,
943 1370 1048 1431 divina

157 1459 188 1509 et
203 1449 338 1509 humana
352 1450 453 1510 omnia
467 1448 603 1510 hostibus
617 1450 732 1510 tradita
747 1459 827 1510 sunt.
868 1450 976 1529 Neque
989 1471 1047 1523 eos,
1058 1450 1096 1509 15

158 1529 212 1608 qui
233 1549 270 1590 ca
290 1529 394 1602 fecere,
409 1530 502 1608 pudet
523 1539 577 1590 aut
598 1531 741 1609 poenitet,
755 1531 807 1591 sed
827 1529 973 1592 incedunt
993 1552 1048 1611 per

158 1630 213 1670 ora
233 1618 335 1672 vostra
356 1610 517 1690 magnifici,
537 1611 705 1672 sacerdotia
728 1619 759 1671 et
782 1611 964 1685 consulatus,
979 1633 1049 1692 pars

157 1689 328 1770 triumphos
355 1710 423 1752 suos
450 1699 650 1752 ostentantes:
678 1691 805 1771 proinde
828 1693 914 1770 quasi
938 1713 975 1753 ea
998 1694 1049 1753 ho-

158 1771 236 1844 nori,
247 1791 308 1831 non
313 1771 453 1912 praedae
466 1771 609 1832 habeant.
650 1771 737 1833 Servi
748 1792 816 1832 aere
826 1773 927 1851 parati
937 1773 1050 1853 injusta

157 1851 286 1931 imperia
334 1852 502 1912 ominosum
527 1873 588 1914 non
613 1852 785 1931 perfatuum
816 1874 878 1926 vos,
903 1853 1048 1930 Quirites,
1058 1854 1097 1913 20

157 1935 191 1993 in
215 1932 341 2026 imperio
364 1933 439 2002 nati,
458 1953 554 2012 aequo
574 1933 676 1994 animo
696 1933 873 1994 servitutem
893 1934 1049 1996 toleratis?

157 2014 205 2073 At
219 2021 356 2091 quisunt
370 2012 401 2084 ii,
416 2013 468 2092 qui
484 2034 548 2074 rem
562 2013 717 2094 publicam
738 2018 945 2094 occupavere?
985 2015 1049 2076 Ho

158 2093 254 2153 mines
295 2093 532 2166 sceleratissumi‚
571 2094 703 2155 cruentis
738 2095 887 2168 manibus,
924 2096 1049 2156 immani

158 2173 298 2242 avaritia.
312 2175 525 2236 nocentissumi
542 2183 572 2235 ct
588 2175 681 2235 iidem
701 2176 925 2255 superbissumi,
940 2176 1048 2256 quibus

157 2254 243 2327 fides,
252 2254 352 2328 decus,
363 2255 467 2333 pietas,
482 2264 632 2335 postremo
645 2255 771 2317 honesta
785 2265 877 2335 atque
890 2257 1049 2317 inhonesta
1058 2254 1096 2313 25

159 2334 262 2396 omnia
275 2336 413 2415 quaestui
427 2345 507 2396 sunt.
549 2335 625 2396 Pars
639 2356 743 2397 eorum
757 2337 898 2397 occidisse
912 2337 1049 2398 tribunos

159 2414 266 2495 plebis,
280 2415 333 2476 alii
354 2417 542 2495 quaestiones
562 2416 698 2496 injustas,
715 2416 852 2496 plerique
872 2418 995 2479 caedem
1015 2419 1048 2477 in

159 2516 213 2557 vos
222 2495 332 2569 fecisse,
341 2517 396 2574 pro
405 2496 592 2557 munimento
602 2497 724 2558 habent.
760 2496 811 2557 Ita
822 2517 913 2576 quam
924 2500 1049 2578 quisque

159 2596 296 2656 pessume
320 2576 400 2650 fecit,
417 2584 480 2636 tam
504 2598 649 2638 maxume
671 2587 756 2638 tutus
776 2585 828 2638 est.
869 2578 988 2640 Metum
1010 2578 1049 2639 ab

160 2656 272 2718 scelere
291 2677 345 2718 suo
365 2657 404 2717 ad
425 2657 581 2742 ignaviam
602 2666 735 2719 vostram
756 2658 954 2732 transtulerc;
976 2680 1049 2739 quos
1058 2658 1097 2717 30

161 2757 264 2798 omnes
283 2737 387 2798 eadem
408 2758 525 2817 cupere,
540 2739 647 2799 eadem
668 2739 771 2811 odisse,
790 2738 896 2799 eadem
917 2749 1050 2800 metuere

161 2819 193 2877 in
207 2837 302 2878 unum
317 2818 421 2897 coegit.
463 2818 523 2880 Sed
537 2819 613 2880 haec
622 2819 702 2879 inter
711 2819 804 2880 bonos
817 2820 961 2895 amicitia,
970 2821 1050 2883 inter

161 2897 256 2958 malos
269 2898 361 2959 factio
374 2908 426 2960 est.
469 2899 561 2977 Quod
581 2900 691 2960 sitam
703 2919 756 2961 vos
776 2899 924 2962 libertatis
945 2922 1049 2962 curam

161 2978 320 3053 haberetis,
335 2999 427 3058 quam
448 2980 495 3040 illi
515 2980 554 3041 ad
575 2979 811 3041 dominationem
832 2983 949 3043 accensi
968 2992 1049 3055 sunt,

161 3058 295 3138 profecto
315 3080 412 3138 neque
432 3081 479 3121 res
499 3059 632 3139 publica,
654 3060 743 3121 sicuti
763 3081 854 3134 nunc,
868 3071 1048 3136 vastaretur,
1058 3060 1095 3119 35

161 3148 191 3200 ct
215 3138 360 3201 beneficia
383 3149 486 3201 vostra
509 3161 600 3219 penes
623 3149 769 3220 optumos,
794 3161 855 3200 non
880 3144 1049 3204 audacissu-

162 3240 224 3280 mos
245 3220 352 3282 sorent.
394 3221 525 3300 Majores
538 3221 633 3281 vostri
654 3221 782 3299 parandi
798 3221 876 3300 juris
896 3232 926 3283 et
947 3225 1050 3303 majos

161 3301 233 3362 tatis
248 3301 476 3363 constituendae
489 3301 589 3378 gratia
602 3300 649 3360 bis
661 3321 716 3378 per
729 3301 920 3360 secessionem
941 3303 1050 3361 armati
1112 3317 1123 3336 ·

163 3381 353 3442 Aventinum
367 3399 569 3461 occupavere:
591 3399 644 3439 vos
664 3399 719 3456 pro
739 3377 888 3448 libertate,
903 3398 994 3455 quam
1010 3379 1050 3435 ah
