<?xml version="1.0" encoding="UTF-8"?>
<!DOCTYPE html PUBLIC "-//W3C//DTD XHTML 1.0 Transitional//EN"
    "http://www.w3.org/TR/xhtml1/DTD/xhtml1-transitional.dtd">
<html xmlns="http://www.w3.org/1999/xhtml" xml:lang="en" lang="en">
 <head>
  <title>
</title>
<meta http-equiv="Content-Type" content="text/html;charset=utf-8" />
  <meta name='ocr-system' content='tesseract 3.04.00' />
  <meta name='ocr-capabilities' content='ocr_page ocr_carea ocr_par ocr_line ocrx_word'/>
</head>
<body>
  <div class='ocr_page' id='page_1' title='image "./csallusticrispi00stuagoog_0061.png"; bbox 0 0 2392 3692; ppageno 0'>
   <div class='ocr_carea' id='block_1_1' title="bbox 360 149 1063 215">
    <p class='ocr_par' dir='ltr' id='par_1_1' title="bbox 360 149 1063 215">
     <span class='ocr_line' id='line_1_1' title="bbox 360 149 1063 215; baseline 0 -1"><span class='ocrx_word' id='word_1_1' title='bbox 360 163 416 214; x_wconf 85' lang='lat' dir='ltr'><strong>nn</strong></span> <span class='ocrx_word' id='word_1_2' title='bbox 436 163 553 214; x_wconf 79' lang='lat' dir='ltr'><strong>narro</strong></span> <span class='ocrx_word' id='word_1_3' title='bbox 575 162 825 215; x_wconf 81' lang='lat' dir='ltr'><strong>Juccarnmo.</strong></span> <span class='ocrx_word' id='word_1_4' title='bbox 1019 149 1063 214; x_wconf 78' lang='lat'><strong>53</strong></span> 
     </span>
    </p>
   </div>
   <div class='ocr_carea' id='block_1_2' title="bbox 120 320 1016 562">
    <p class='ocr_par' dir='ltr' id='par_1_2' title="bbox 120 320 1016 562">
     <span class='ocr_line' id='line_1_2' title="bbox 120 320 1016 403; baseline -0.006 -18"><span class='ocrx_word' id='word_1_5' title='bbox 120 343 222 403; x_wconf 88' lang='lat' dir='ltr'><strong>neque</strong></span> <span class='ocrx_word' id='word_1_6' title='bbox 242 320 283 382; x_wconf 91' lang='lat' dir='ltr'><strong>ab</strong></span> <span class='ocrx_word' id='word_1_7' title='bbox 303 321 389 381; x_wconf 90' lang='lat' dir='ltr'><strong>hoste</strong></span> <span class='ocrx_word' id='word_1_8' title='bbox 410 321 526 400; x_wconf 91' lang='lat' dir='ltr'><strong>copiam</strong></span> <span class='ocrx_word' id='word_1_9' title='bbox 547 321 705 400; x_wconf 88' lang='lat' dir='ltr'><strong>pugnandi</strong></span> <span class='ocrx_word' id='word_1_10' title='bbox 725 321 799 394; x_wconf 87' lang='lat' dir='ltr'><strong>fieri,</strong></span> <span class='ocrx_word' id='word_1_11' title='bbox 814 320 920 382; x_wconf 89' lang='lat' dir='ltr'><strong>urbem</strong></span> <span class='ocrx_word' id='word_1_12' title='bbox 934 343 1016 402; x_wconf 85' lang='lat' dir='ltr'><strong>mag-</strong></span> 
     </span>
     <span class='ocr_line' id='line_1_3' title="bbox 120 401 1016 481; baseline -0.002 -16"><span class='ocrx_word' id='word_1_13' title='bbox 120 425 195 465; x_wconf 92' lang='lat' dir='ltr'><strong>nam</strong></span> <span class='ocrx_word' id='word_1_14' title='bbox 216 412 247 463; x_wconf 92' lang='lat' dir='ltr'><strong>et</strong></span> <span class='ocrx_word' id='word_1_15' title='bbox 268 402 301 461; x_wconf 93' lang='lat' dir='ltr'><strong>in</strong></span> <span class='ocrx_word' id='word_1_16' title='bbox 321 421 357 462; x_wconf 88' lang='lat' dir='ltr'><strong>ea</strong></span> <span class='ocrx_word' id='word_1_17' title='bbox 377 410 473 481; x_wconf 89' lang='lat' dir='ltr'><strong>parte,</strong></span> <span class='ocrx_word' id='word_1_18' title='bbox 489 421 550 481; x_wconf 91' lang='lat' dir='ltr'><strong>qua</strong></span> <span class='ocrx_word' id='word_1_19' title='bbox 569 401 628 462; x_wconf 85' lang='lat' dir='ltr'><strong>sita</strong></span> <span class='ocrx_word' id='word_1_20' title='bbox 647 411 721 475; x_wconf 90' lang='lat' dir='ltr'><strong>erat,</strong></span> <span class='ocrx_word' id='word_1_21' title='bbox 736 422 836 462; x_wconf 91' lang='lat' dir='ltr'><strong>arcem</strong></span> <span class='ocrx_word' id='word_1_22' title='bbox 856 403 951 480; x_wconf 89' lang='lat' dir='ltr'><strong>regni,</strong></span> <span class='ocrx_word' id='word_1_23' title='bbox 965 423 1016 464; x_wconf 83' lang='lat' dir='ltr'><strong>no</strong></span> 
     </span>
     <span class='ocr_line' id='line_1_4' title="bbox 121 483 1015 562; baseline -0.003 -16"><span class='ocrx_word' id='word_1_24' title='bbox 121 486 206 546; x_wconf 92' lang='lat' dir='ltr'><strong>mine</strong></span> <span class='ocrx_word' id='word_1_25' title='bbox 240 483 375 555; x_wconf 83' lang='lat' dir='ltr'><strong>Zamam,</strong></span> <span class='ocrx_word' id='word_1_26' title='bbox 402 483 508 543; x_wconf 80' lang='lat' dir='ltr'><strong>statuit</strong></span> <span class='ocrx_word' id='word_1_27' title='bbox 539 503 725 562; x_wconf 84' lang='lat' dir='ltr'><strong>oppugnare,</strong></span> <span class='ocrx_word' id='word_1_28' title='bbox 752 492 847 555; x_wconf 89' lang='lat' dir='ltr'><strong>ratus,</strong></span> <span class='ocrx_word' id='word_1_29' title='bbox 874 483 906 542; x_wconf 91' lang='lat' dir='ltr'><strong>id</strong></span> <span class='ocrx_word' id='word_1_30' title='bbox 933 485 1015 562; x_wconf 93' lang='lat' dir='ltr'><strong>quod</strong></span> 
     </span>
    </p>
   </div>
   <div class='ocr_carea' id='block_1_3' title="bbox 7 562 1015 658">
    <p class='ocr_par' dir='ltr' id='par_1_3' title="bbox 7 562 1015 658">
     <span class='ocr_line' id='line_1_5' title="bbox 7 562 1015 658; baseline 0.004 -38"><span class='ocrx_word' id='word_1_31' title='bbox 7 617 9 620; x_wconf 86' lang='lat'>.</span> <span class='ocrx_word' id='word_1_32' title='bbox 120 565 279 658; x_wconf 83' lang='lat' dir='ltr'><strong>negotium</strong></span> <span class='ocrx_word' id='word_1_33' title='bbox 311 563 462 642; x_wconf 90' lang='lat' dir='ltr'><strong>poscebat,</strong></span> <span class='ocrx_word' id='word_1_34' title='bbox 489 562 678 642; x_wconf 82' lang='lat' dir='ltr'><strong>Jugurtham</strong></span> <span class='ocrx_word' id='word_1_35' title='bbox 713 563 921 624; x_wconf 80' lang='lat' dir='ltr'><strong>laborantibus</strong></span> <span class='ocrx_word' id='word_1_36' title='bbox 955 565 1015 624; x_wconf 92' lang='lat' dir='ltr'><strong>suis</strong></span> 
     </span>
    </p>
   </div>
   <div class='ocr_carea' id='block_1_4' title="bbox 120 643 1076 885">
    <p class='ocr_par' dir='ltr' id='par_1_4' title="bbox 120 643 1076 885">
     <span class='ocr_line' id='line_1_6' title="bbox 120 643 1062 722; baseline -0.003 -15"><span class='ocrx_word' id='word_1_37' title='bbox 120 645 241 707; x_wconf 83' lang='lat' dir='ltr'><strong>auxrlio</strong></span> <span class='ocrx_word' id='word_1_38' title='bbox 270 653 434 706; x_wconf 89' lang='lat' dir='ltr'><strong>venturum</strong></span> <span class='ocrx_word' id='word_1_39' title='bbox 462 643 563 722; x_wconf 83' lang='lat' dir='ltr'><strong>ibique</strong></span> <span class='ocrx_word' id='word_1_40' title='bbox 591 643 740 722; x_wconf 90' lang='lat' dir='ltr'><strong>proelium</strong></span> <span class='ocrx_word' id='word_1_41' title='bbox 766 644 839 704; x_wconf 89' lang='lat' dir='ltr'><strong>fore.</strong></span> <span class='ocrx_word' id='word_1_42' title='bbox 881 643 927 704; x_wconf 84' lang='lat' dir='ltr'><strong>At</strong></span> <span class='ocrx_word' id='word_1_43' title='bbox 953 644 1014 717; x_wconf 91' lang='lat' dir='ltr'><strong>ille,</strong></span> <span class='ocrx_word' id='word_1_44' title='bbox 1043 647 1062 704; x_wconf 85' lang='lat'><strong>5</strong></span> 
     </span>
     <span class='ocr_line' id='line_1_7' title="bbox 122 724 1014 806; baseline -0.003 -19"><span class='ocrx_word' id='word_1_45' title='bbox 122 747 202 806; x_wconf 85' lang='lat' dir='ltr'><strong>quae</strong></span> <span class='ocrx_word' id='word_1_46' title='bbox 223 725 412 805; x_wconf 88' lang='lat' dir='ltr'><strong>parabantur</strong></span> <span class='ocrx_word' id='word_1_47' title='bbox 432 745 451 784; x_wconf 95' lang='lat' dir='ltr'><strong>a</strong></span> <span class='ocrx_word' id='word_1_48' title='bbox 471 724 606 804; x_wconf 83' lang='lat' dir='ltr'><strong>perfugis</strong></span> <span class='ocrx_word' id='word_1_49' title='bbox 626 725 758 797; x_wconf 91' lang='lat' dir='ltr'><strong>edoctus,</strong></span> <span class='ocrx_word' id='word_1_50' title='bbox 772 725 889 804; x_wconf 87' lang='lat' dir='ltr'><strong>magnis</strong></span> <span class='ocrx_word' id='word_1_51' title='bbox 903 725 1014 785; x_wconf 89' lang='lat' dir='ltr'><strong>itineri·</strong></span> 
     </span>
     <span class='ocr_line' id='line_1_8' title="bbox 122 805 1076 885; baseline -0.003 -18"><span class='ocrx_word' id='word_1_52' title='bbox 122 807 180 867; x_wconf 90' lang='lat' dir='ltr'><strong>bus</strong></span> <span class='ocrx_word' id='word_1_53' title='bbox 195 807 356 866; x_wconf 89' lang='lat' dir='ltr'><strong>Metellum</strong></span> <span class='ocrx_word' id='word_1_54' title='bbox 370 805 542 877; x_wconf 88' lang='lat' dir='ltr'><strong>antevenit;</strong></span> <span class='ocrx_word' id='word_1_55' title='bbox 557 805 724 885; x_wconf 77' lang='lat' dir='ltr'><strong>oppidanos</strong></span> <span class='ocrx_word' id='word_1_56' title='bbox 744 806 885 866; x_wconf 88' lang='lat' dir='ltr'><strong>hortatur</strong></span> <span class='ocrx_word' id='word_1_57' title='bbox 897 807 1016 866; x_wconf 90' lang='lat' dir='ltr'><strong>moenia</strong></span> <span class='ocrx_word' id='word_1_58' title='bbox 1073 866 1076 871; x_wconf 80' lang='grc'>,</span> 
     </span>
    </p>
   </div>
   <div class='ocr_carea' id='block_1_5' title="bbox 7 883 1015 970">
    <p class='ocr_par' dir='ltr' id='par_1_5' title="bbox 7 883 1015 970">
     <span class='ocr_line' id='line_1_9' title="bbox 7 883 1015 970; baseline -0.001 -23"><span class='ocrx_word' id='word_1_59' title='bbox 7 965 9 970; x_wconf 23' lang='grc' dir='ltr'>Ι</span> <span class='ocrx_word' id='word_1_60' title='bbox 122 883 431 960; x_wconf 72' lang='lat' dir='ltr'><strong>defendant,&#39;additis</strong></span> <span class='ocrx_word' id='word_1_61' title='bbox 452 885 568 946; x_wconf 87' lang='lat' dir='ltr'><strong>auxilio</strong></span> <span class='ocrx_word' id='word_1_62' title='bbox 589 886 733 966; x_wconf 87' lang='lat' dir='ltr'><strong>perfugis,</strong></span> <span class='ocrx_word' id='word_1_63' title='bbox 754 887 835 966; x_wconf 94' lang='lat' dir='ltr'><strong>quod</strong></span> <span class='ocrx_word' id='word_1_64' title='bbox 857 906 953 965; x_wconf 87' lang='lat' dir='ltr'><strong>genus</strong></span> <span class='ocrx_word' id='word_1_65' title='bbox 975 907 1015 946; x_wconf 84' lang='lat' dir='ltr'><strong>ex</strong></span> 
     </span>
    </p>
   </div>
   <div class='ocr_carea' id='block_1_6' title="bbox 49 966 1064 3464">
    <p class='ocr_par' dir='ltr' id='par_1_6' title="bbox 49 966 1064 2478">
     <span class='ocr_line' id='line_1_10' title="bbox 122 966 1015 1046; baseline -0.004 -16"><span class='ocrx_word' id='word_1_66' title='bbox 122 968 220 1046; x_wconf 89' lang='lat' dir='ltr'><strong>copiis</strong></span> <span class='ocrx_word' id='word_1_67' title='bbox 233 969 320 1046; x_wconf 88' lang='lat' dir='ltr'><strong>regis,</strong></span> <span class='ocrx_word' id='word_1_68' title='bbox 333 968 404 1046; x_wconf 89' lang='lat' dir='ltr'><strong>quia</strong></span> <span class='ocrx_word' id='word_1_69' title='bbox 418 967 524 1028; x_wconf 85' lang='lat' dir='ltr'><strong>fallere</strong></span> <span class='ocrx_word' id='word_1_70' title='bbox 538 966 692 1046; x_wconf 87' lang='lat' dir='ltr'><strong>nequibat,</strong></span> <span class='ocrx_word' id='word_1_71' title='bbox 703 967 917 1028; x_wconf 87' lang='lat' dir='ltr'><strong>firmissumum</strong></span> <span class='ocrx_word' id='word_1_72' title='bbox 930 976 1015 1036; x_wconf 91' lang='lat' dir='ltr'><strong>erat,·</strong></span> 
     </span>
     <span class='ocr_line' id='line_1_11' title="bbox 107 1048 1063 1129; baseline 0.001 -21"><span class='ocrx_word' id='word_1_73' title='bbox 107 1057 283 1129; x_wconf 87' lang='lat' dir='ltr'><strong>praeterea</strong></span> <span class='ocrx_word' id='word_1_74' title='bbox 296 1048 455 1128; x_wconf 88' lang='lat' dir='ltr'><strong>pollicetur</strong></span> <span class='ocrx_word' id='word_1_75' title='bbox 475 1049 508 1108; x_wconf 94' lang='lat' dir='ltr'><strong>in</strong></span> <span class='ocrx_word' id='word_1_76' title='bbox 528 1057 663 1127; x_wconf 91' lang='lat' dir='ltr'><strong>tempore</strong></span> <span class='ocrx_word' id='word_1_77' title='bbox 682 1057 776 1108; x_wconf 90' lang='lat' dir='ltr'><strong>semet</strong></span> <span class='ocrx_word' id='word_1_78' title='bbox 793 1068 862 1110; x_wconf 91' lang='lat' dir='ltr'><strong>cum</strong></span> <span class='ocrx_word' id='word_1_79' title='bbox 879 1048 1014 1109; x_wconf 82' lang='lat' dir='ltr'><strong>exercitu</strong></span> <span class='ocrx_word' id='word_1_80' title='bbox 1025 1049 1063 1109; x_wconf 94' lang='lat'><strong>10</strong></span> 
     </span>
     <span class='ocr_line' id='line_1_12' title="bbox 122 1128 1016 1209; baseline -0.001 -20"><span class='ocrx_word' id='word_1_81' title='bbox 122 1129 238 1189; x_wconf 88' lang='lat' dir='ltr'><strong>adfore.</strong></span> <span class='ocrx_word' id='word_1_82' title='bbox 280 1129 331 1190; x_wconf 89' lang='lat' dir='ltr'><strong>Ita</strong></span> <span class='ocrx_word' id='word_1_83' title='bbox 351 1129 519 1209; x_wconf 88' lang='lat' dir='ltr'><strong>compositis</strong></span> <span class='ocrx_word' id='word_1_84' title='bbox 538 1129 628 1190; x_wconf 90' lang='lat' dir='ltr'><strong>rebus</strong></span> <span class='ocrx_word' id='word_1_85' title='bbox 640 1129 674 1188; x_wconf 93' lang='lat' dir='ltr'><strong>in</strong></span> <span class='ocrx_word' id='word_1_86' title='bbox 687 1128 753 1189; x_wconf 88' lang='lat' dir='ltr'><strong>loca</strong></span> <span class='ocrx_word' id='word_1_87' title='bbox 767 1149 859 1206; x_wconf 91' lang='lat' dir='ltr'><strong>quam</strong></span> <span class='ocrx_word' id='word_1_88' title='bbox 872 1149 1016 1188; x_wconf 86' lang='lat' dir='ltr'><strong>maxume</strong></span> 
     </span>
     <span class='ocr_line' id='line_1_13' title="bbox 123 1209 1014 1289; baseline -0.002 -19"><span class='ocrx_word' id='word_1_89' title='bbox 123 1209 247 1270; x_wconf 89' lang='lat' dir='ltr'><strong>occulta</strong></span> <span class='ocrx_word' id='word_1_90' title='bbox 267 1209 402 1282; x_wconf 90' lang='lat' dir='ltr'><strong>discedit,</strong></span> <span class='ocrx_word' id='word_1_91' title='bbox 416 1231 452 1271; x_wconf 92' lang='lat' dir='ltr'><strong>ac</strong></span> <span class='ocrx_word' id='word_1_92' title='bbox 473 1218 540 1289; x_wconf 90' lang='lat' dir='ltr'><strong>post</strong></span> <span class='ocrx_word' id='word_1_93' title='bbox 554 1209 647 1289; x_wconf 92' lang='lat' dir='ltr'><strong>paulo</strong></span> <span class='ocrx_word' id='word_1_94' title='bbox 662 1209 813 1289; x_wconf 81' lang='lat' dir='ltr'><strong>cognoscit</strong></span> <span class='ocrx_word' id='word_1_95' title='bbox 827 1209 962 1268; x_wconf 89' lang='lat' dir='ltr'><strong>Marium</strong></span> <span class='ocrx_word' id='word_1_96' title='bbox 976 1229 1014 1268; x_wconf 83' lang='lat' dir='ltr'><strong>ex</strong></span> 
     </span>
     <span class='ocr_line' id='line_1_14' title="bbox 49 1288 1016 1370; baseline -0.002 -20"><span class='ocrx_word' id='word_1_97' title='bbox 49 1357 56 1370; x_wconf 52' lang='lat'>‚</span> <span class='ocrx_word' id='word_1_98' title='bbox 123 1291 234 1350; x_wconf 92' lang='lat' dir='ltr'><strong>itinere</strong></span> <span class='ocrx_word' id='word_1_99' title='bbox 250 1289 468 1351; x_wconf 89' lang='lat' dir='ltr'><strong>frumentatum</strong></span> <span class='ocrx_word' id='word_1_100' title='bbox 490 1311 560 1351; x_wconf 93' lang='lat' dir='ltr'><strong>cum</strong></span> <span class='ocrx_word' id='word_1_101' title='bbox 580 1289 685 1370; x_wconf 90' lang='lat' dir='ltr'><strong>paucis</strong></span> <span class='ocrx_word' id='word_1_102' title='bbox 705 1289 878 1351; x_wconf 81' lang='lat' dir='ltr'><strong>cohortibus</strong></span> <span class='ocrx_word' id='word_1_103' title='bbox 898 1288 1016 1351; x_wconf 86' lang='lat' dir='ltr'><strong>Siccam</strong></span> 
     </span>
     <span class='ocr_line' id='line_1_15' title="bbox 123 1370 1016 1450; baseline 0 -20"><span class='ocrx_word' id='word_1_104' title='bbox 123 1372 260 1443; x_wconf 90' lang='lat' dir='ltr'><strong>missum,</strong></span> <span class='ocrx_word' id='word_1_105' title='bbox 281 1370 362 1448; x_wconf 88' lang='lat' dir='ltr'><strong>quod</strong></span> <span class='ocrx_word' id='word_1_106' title='bbox 383 1371 527 1450; x_wconf 91' lang='lat' dir='ltr'><strong>oppidum</strong></span> <span class='ocrx_word' id='word_1_107' title='bbox 552 1371 684 1450; x_wconf 92' lang='lat' dir='ltr'><strong>primum</strong></span> <span class='ocrx_word' id='word_1_108' title='bbox 712 1371 847 1430; x_wconf 90' lang='lat' dir='ltr'><strong>omnium</strong></span> <span class='ocrx_word' id='word_1_109' title='bbox 868 1379 934 1449; x_wconf 90' lang='lat' dir='ltr'><strong>post</strong></span> <span class='ocrx_word' id='word_1_110' title='bbox 955 1391 1016 1430; x_wconf 91' lang='lat' dir='ltr'><strong>ma-</strong></span> 
     </span>
     <span class='ocr_line' id='line_1_16' title="bbox 124 1449 1063 1530; baseline 0 -20"><span class='ocrx_word' id='word_1_111' title='bbox 124 1451 190 1512; x_wconf 86' lang='lat' dir='ltr'><strong>lam</strong></span> <span class='ocrx_word' id='word_1_112' title='bbox 210 1470 346 1530; x_wconf 91' lang='lat' dir='ltr'><strong>pugnam</strong></span> <span class='ocrx_word' id='word_1_113' title='bbox 369 1449 409 1511; x_wconf 92' lang='lat' dir='ltr'><strong>ab</strong></span> <span class='ocrx_word' id='word_1_114' title='bbox 433 1471 502 1530; x_wconf 89' lang='lat' dir='ltr'><strong>rege</strong></span> <span class='ocrx_word' id='word_1_115' title='bbox 526 1451 685 1512; x_wconf 86' lang='lat' dir='ltr'><strong>defecerat.</strong></span> <span class='ocrx_word' id='word_1_116' title='bbox 728 1451 867 1511; x_wconf 83' lang='lat' dir='ltr'><strong>Eccum</strong></span> <span class='ocrx_word' id='word_1_117' title='bbox 891 1450 1014 1511; x_wconf 90' lang='lat' dir='ltr'><strong>delectis</strong></span> <span class='ocrx_word' id='word_1_118' title='bbox 1026 1452 1063 1510; x_wconf 83' lang='lat'><strong>15</strong></span> 
     </span>
     <span class='ocr_line' id='line_1_17' title="bbox 124 1531 1016 1610; baseline -0.002 -18"><span class='ocrx_word' id='word_1_119' title='bbox 124 1531 278 1610; x_wconf 88' lang='lat' dir='ltr'><strong>equitibus</strong></span> <span class='ocrx_word' id='word_1_120' title='bbox 292 1540 384 1592; x_wconf 88' lang='lat' dir='ltr'><strong>noctu</strong></span> <span class='ocrx_word' id='word_1_121' title='bbox 399 1532 497 1610; x_wconf 91' lang='lat' dir='ltr'><strong>pergit</strong></span> <span class='ocrx_word' id='word_1_122' title='bbox 511 1533 616 1610; x_wconf 88' lang='lat' dir='ltr'><strong>etjam</strong></span> <span class='ocrx_word' id='word_1_123' title='bbox 629 1531 853 1610; x_wconf 81' lang='lat' dir='ltr'><strong>egredientibus</strong></span> <span class='ocrx_word' id='word_1_124' title='bbox 871 1531 1016 1591; x_wconf 85' lang='lat' dir='ltr'><strong>Romanis</strong></span> 
     </span>
     <span class='ocr_line' id='line_1_18' title="bbox 124 1611 1017 1692; baseline -0.001 -20"><span class='ocrx_word' id='word_1_125' title='bbox 124 1613 158 1672; x_wconf 90' lang='lat' dir='ltr'><strong>in</strong></span> <span class='ocrx_word' id='word_1_126' title='bbox 173 1620 262 1691; x_wconf 90' lang='lat' dir='ltr'><strong>porta</strong></span> <span class='ocrx_word' id='word_1_127' title='bbox 275 1632 410 1691; x_wconf 91' lang='lat' dir='ltr'><strong>pugnam</strong></span> <span class='ocrx_word' id='word_1_128' title='bbox 424 1611 515 1684; x_wconf 88' lang='lat' dir='ltr'><strong>facit;</strong></span> <span class='ocrx_word' id='word_1_129' title='bbox 536 1611 626 1672; x_wconf 91' lang='lat' dir='ltr'><strong>simul</strong></span> <span class='ocrx_word' id='word_1_130' title='bbox 647 1632 759 1692; x_wconf 88' lang='lat' dir='ltr'><strong>magna</strong></span> <span class='ocrx_word' id='word_1_131' title='bbox 772 1632 846 1674; x_wconf 87' lang='lat' dir='ltr'><strong>voce</strong></span> <span class='ocrx_word' id='word_1_132' title='bbox 865 1611 1017 1673; x_wconf 83' lang='lat' dir='ltr'><strong>Siccenscs</strong></span> 
     </span>
     <span class='ocr_line' id='line_1_19' title="bbox 124 1692 1015 1771; baseline -0.001 -19"><span class='ocrx_word' id='word_1_133' title='bbox 124 1693 268 1752; x_wconf 87' lang='lat' dir='ltr'><strong>hortatur</strong></span> <span class='ocrx_word' id='word_1_134' title='bbox 282 1693 328 1752; x_wconf 92' lang='lat' dir='ltr'><strong>uti</strong></span> <span class='ocrx_word' id='word_1_135' title='bbox 341 1692 477 1754; x_wconf 90' lang='lat' dir='ltr'><strong>cohortes</strong></span> <span class='ocrx_word' id='word_1_136' title='bbox 491 1693 530 1752; x_wconf 89' lang='lat' dir='ltr'><strong>ab</strong></span> <span class='ocrx_word' id='word_1_137' title='bbox 544 1702 629 1771; x_wconf 91' lang='lat' dir='ltr'><strong>tergo</strong></span> <span class='ocrx_word' id='word_1_138' title='bbox 643 1693 901 1755; x_wconf 84' lang='lat' dir='ltr'><strong>circumveniant:</strong></span> <span class='ocrx_word' id='word_1_139' title='bbox 922 1693 1015 1752; x_wconf 84' lang='lat' dir='ltr'><strong>fortu-</strong></span> 
     </span>
     <span class='ocr_line' id='line_1_20' title="bbox 124 1771 1016 1852; baseline 0 -18"><span class='ocrx_word' id='word_1_140' title='bbox 124 1793 198 1834; x_wconf 86' lang='lat' dir='ltr'><strong>nam</strong></span> <span class='ocrx_word' id='word_1_141' title='bbox 213 1771 274 1832; x_wconf 93' lang='lat' dir='ltr'><strong>illis</strong></span> <span class='ocrx_word' id='word_1_142' title='bbox 292 1773 441 1852; x_wconf 88' lang='lat' dir='ltr'><strong>praeclari</strong></span> <span class='ocrx_word' id='word_1_143' title='bbox 460 1773 602 1834; x_wconf 88' lang='lat' dir='ltr'><strong>facinoris</strong></span> <span class='ocrx_word' id='word_1_144' title='bbox 622 1794 725 1834; x_wconf 89' lang='lat' dir='ltr'><strong>casum</strong></span> <span class='ocrx_word' id='word_1_145' title='bbox 745 1774 834 1834; x_wconf 87' lang='lat' dir='ltr'><strong>dare:</strong></span> <span class='ocrx_word' id='word_1_146' title='bbox 856 1773 882 1834; x_wconf 88' lang='lat' dir='ltr'><strong>si</strong></span> <span class='ocrx_word' id='word_1_147' title='bbox 896 1773 928 1833; x_wconf 94' lang='lat' dir='ltr'><strong>id</strong></span> <span class='ocrx_word' id='word_1_148' title='bbox 941 1773 1016 1834; x_wconf 88' lang='lat' dir='ltr'><strong>fece-</strong></span> 
     </span>
     <span class='ocr_line' id='line_1_21' title="bbox 124 1854 1064 1933; baseline 0.001 -19"><span class='ocrx_word' id='word_1_149' title='bbox 124 1855 198 1925; x_wconf 89' lang='lat' dir='ltr'><strong>rint,</strong></span> <span class='ocrx_word' id='word_1_150' title='bbox 213 1862 316 1932; x_wconf 86' lang='lat' dir='ltr'><strong>postea</strong></span> <span class='ocrx_word' id='word_1_151' title='bbox 329 1874 390 1914; x_wconf 89' lang='lat' dir='ltr'><strong>sese</strong></span> <span class='ocrx_word' id='word_1_152' title='bbox 403 1854 435 1914; x_wconf 95' lang='lat' dir='ltr'><strong>in</strong></span> <span class='ocrx_word' id='word_1_153' title='bbox 450 1874 551 1933; x_wconf 87' lang='lat' dir='ltr'><strong>regno,</strong></span> <span class='ocrx_word' id='word_1_154' title='bbox 565 1854 633 1914; x_wconf 93' lang='lat' dir='ltr'><strong>illos</strong></span> <span class='ocrx_word' id='word_1_155' title='bbox 646 1854 679 1914; x_wconf 94' lang='lat' dir='ltr'><strong>in</strong></span> <span class='ocrx_word' id='word_1_156' title='bbox 692 1854 832 1915; x_wconf 88' lang='lat' dir='ltr'><strong>libertate</strong></span> <span class='ocrx_word' id='word_1_157' title='bbox 851 1854 916 1916; x_wconf 91' lang='lat' dir='ltr'><strong>sine</strong></span> <span class='ocrx_word' id='word_1_158' title='bbox 933 1862 1015 1914; x_wconf 90' lang='lat' dir='ltr'><strong>metu</strong></span> <span class='ocrx_word' id='word_1_159' title='bbox 1025 1854 1064 1915; x_wconf 82' lang='lat'><strong>20</strong></span> 
     </span>
     <span class='ocr_line' id='line_1_22' title="bbox 124 1933 1016 2014; baseline 0.001 -21"><span class='ocrx_word' id='word_1_160' title='bbox 124 1942 257 1994; x_wconf 87' lang='lat' dir='ltr'><strong>aetatem</strong></span> <span class='ocrx_word' id='word_1_161' title='bbox 272 1943 400 1994; x_wconf 87' lang='lat' dir='ltr'><strong>acturos.</strong></span> <span class='ocrx_word' id='word_1_162' title='bbox 441 1933 489 1995; x_wconf 87' lang='lat' dir='ltr'><strong>Ac</strong></span> <span class='ocrx_word' id='word_1_163' title='bbox 503 1935 536 1994; x_wconf 94' lang='lat' dir='ltr'><strong>ni</strong></span> <span class='ocrx_word' id='word_1_164' title='bbox 550 1935 668 1996; x_wconf 91' lang='lat' dir='ltr'><strong>Marius</strong></span> <span class='ocrx_word' id='word_1_165' title='bbox 687 1936 774 2014; x_wconf 90' lang='lat' dir='ltr'><strong>signa</strong></span> <span class='ocrx_word' id='word_1_166' title='bbox 793 1935 905 1995; x_wconf 85' lang='lat' dir='ltr'><strong>inferre</strong></span> <span class='ocrx_word' id='word_1_167' title='bbox 925 1944 1016 2013; x_wconf 92' lang='lat' dir='ltr'><strong>atque</strong></span> 
     </span>
     <span class='ocr_line' id='line_1_23' title="bbox 124 2013 1016 2095; baseline 0 -19"><span class='ocrx_word' id='word_1_168' title='bbox 124 2015 255 2076; x_wconf 89' lang='lat' dir='ltr'><strong>evadere</strong></span> <span class='ocrx_word' id='word_1_169' title='bbox 283 2013 394 2094; x_wconf 92' lang='lat' dir='ltr'><strong>oppido</strong></span> <span class='ocrx_word' id='word_1_170' title='bbox 421 2016 649 2094; x_wconf 90' lang='lat' dir='ltr'><strong>properavisset‚</strong></span> <span class='ocrx_word' id='word_1_171' title='bbox 673 2016 807 2095; x_wconf 86' lang='lat' dir='ltr'><strong>profecto</strong></span> <span class='ocrx_word' id='word_1_172' title='bbox 831 2016 934 2076; x_wconf 91' lang='lat' dir='ltr'><strong>cuncti</strong></span> <span class='ocrx_word' id='word_1_173' title='bbox 962 2025 1016 2076; x_wconf 90' lang='lat' dir='ltr'><strong>aut</strong></span> 
     </span>
     <span class='ocr_line' id='line_1_24' title="bbox 124 2095 1016 2175; baseline 0.001 -20"><span class='ocrx_word' id='word_1_174' title='bbox 124 2116 239 2174; x_wconf 88' lang='lat' dir='ltr'><strong>magna</strong></span> <span class='ocrx_word' id='word_1_175' title='bbox 261 2114 332 2175; x_wconf 88' lang='lat' dir='ltr'><strong>pars</strong></span> <span class='ocrx_word' id='word_1_176' title='bbox 360 2095 542 2156; x_wconf 81' lang='lat' dir='ltr'><strong>Siccensium</strong></span> <span class='ocrx_word' id='word_1_177' title='bbox 569 2096 660 2156; x_wconf 89' lang='lat' dir='ltr'><strong>fidem</strong></span> <span class='ocrx_word' id='word_1_178' title='bbox 687 2097 901 2158; x_wconf 87' lang='lat' dir='ltr'><strong>mutavissent:</strong></span> <span class='ocrx_word' id='word_1_179' title='bbox 929 2105 1016 2156; x_wconf 89' lang='lat' dir='ltr'><strong>tanta</strong></span> 
     </span>
     <span class='ocr_line' id='line_1_25' title="bbox 123 2174 1016 2256; baseline 0 -20"><span class='ocrx_word' id='word_1_180' title='bbox 123 2175 295 2236; x_wconf 87' lang='lat' dir='ltr'><strong>mobilitate</strong></span> <span class='ocrx_word' id='word_1_181' title='bbox 318 2195 379 2236; x_wconf 86' lang='lat' dir='ltr'><strong>sese</strong></span> <span class='ocrx_word' id='word_1_182' title='bbox 402 2174 554 2236; x_wconf 88' lang='lat' dir='ltr'><strong>Numidae</strong></span> <span class='ocrx_word' id='word_1_183' title='bbox 577 2186 696 2256; x_wconf 88' lang='lat' dir='ltr'><strong>gerunt.</strong></span> <span class='ocrx_word' id='word_1_184' title='bbox 737 2176 797 2238; x_wconf 80' lang='lat' dir='ltr'><strong>Sed</strong></span> <span class='ocrx_word' id='word_1_185' title='bbox 824 2177 935 2238; x_wconf 89' lang='lat' dir='ltr'><strong>milites</strong></span> <span class='ocrx_word' id='word_1_186' title='bbox 961 2176 1016 2238; x_wconf 88' lang='lat' dir='ltr'><strong>Ju-</strong></span> 
     </span>
     <span class='ocr_line' id='line_1_26' title="bbox 123 2255 1063 2337; baseline 0 -22"><span class='ocrx_word' id='word_1_187' title='bbox 123 2256 265 2336; x_wconf 91' lang='lat' dir='ltr'><strong>gurthini</strong></span> <span class='ocrx_word' id='word_1_188' title='bbox 291 2255 445 2335; x_wconf 87' lang='lat' dir='ltr'><strong>paulisper</strong></span> <span class='ocrx_word' id='word_1_189' title='bbox 479 2256 518 2316; x_wconf 92' lang='lat' dir='ltr'><strong>ab</strong></span> <span class='ocrx_word' id='word_1_190' title='bbox 553 2263 623 2336; x_wconf 82' lang='lat' dir='ltr'><strong>rege</strong></span> <span class='ocrx_word' id='word_1_191' title='bbox 657 2258 827 2330; x_wconf 90' lang='lat' dir='ltr'><strong>sustentati,</strong></span> <span class='ocrx_word' id='word_1_192' title='bbox 856 2267 1015 2337; x_wconf 88' lang='lat' dir='ltr'><strong>postquam</strong></span> <span class='ocrx_word' id='word_1_193' title='bbox 1025 2258 1063 2317; x_wconf 79' lang='lat'><strong>25</strong></span> 
     </span>
     <span class='ocr_line' id='line_1_27' title="bbox 123 2335 1016 2478; baseline 0.003 -82"><span class='ocrx_word' id='word_1_194' title='bbox 123 2337 239 2478; x_wconf 60' lang='lat' dir='ltr'><strong>pinajople</strong></span> <span class='ocrx_word' id='word_1_195' title='bbox 266 2337 298 2397; x_wconf 90' lang='lat' dir='ltr'><strong>vi</strong></span> <span class='ocrx_word' id='word_1_196' title='bbox 331 2335 429 2398; x_wconf 89' lang='lat' dir='ltr'><strong>hostes</strong></span> <span class='ocrx_word' id='word_1_197' title='bbox 463 2347 580 2416; x_wconf 88' lang='lat' dir='ltr'><strong>urgent,</strong></span> <span class='ocrx_word' id='word_1_198' title='bbox 609 2338 713 2417; x_wconf 90' lang='lat' dir='ltr'><strong>paucis</strong></span> <span class='ocrx_word' id='word_1_199' title='bbox 746 2339 861 2399; x_wconf 85' lang='lat' dir='ltr'><strong>amissis</strong></span> <span class='ocrx_word' id='word_1_200' title='bbox 895 2338 1016 2418; x_wconf 85' lang='lat' dir='ltr'><strong>profugi</strong></span> 
     </span>
     <span class='ocr_line' id='line_1_28' title="bbox 146 2418 293 2478; baseline -0.007 -1"><span class='ocrx_word' id='word_1_201' title='bbox 146 2418 206 2478; x_wconf 88' lang='lat' dir='ltr'><strong>isce</strong></span> <span class='ocrx_word' id='word_1_202' title='bbox 228 2425 293 2477; x_wconf 90' lang='lat' dir='ltr'><strong>unt.</strong></span> 
     </span>
    </p>

    <p class='ocr_par' dir='ltr' id='par_1_7' title="bbox 123 2497 1062 3464">
     <span class='ocr_line' id='line_1_29' title="bbox 166 2497 1015 2578; baseline -0.001 -19"><span class='ocrx_word' id='word_1_203' title='bbox 166 2498 211 2559; x_wconf 79' lang='lat'><strong>57.</strong></span> <span class='ocrx_word' id='word_1_204' title='bbox 234 2497 352 2558; x_wconf 88' lang='lat' dir='ltr'><strong>Marius</strong></span> <span class='ocrx_word' id='word_1_205' title='bbox 372 2497 412 2557; x_wconf 92' lang='lat' dir='ltr'><strong>ad</strong></span> <span class='ocrx_word' id='word_1_206' title='bbox 431 2497 554 2558; x_wconf 92' lang='lat' dir='ltr'><strong>Zamam</strong></span> <span class='ocrx_word' id='word_1_207' title='bbox 573 2499 720 2578; x_wconf 88' lang='lat' dir='ltr'><strong>pervenit.</strong></span> <span class='ocrx_word' id='word_1_208' title='bbox 761 2498 800 2559; x_wconf 94' lang='lat' dir='ltr'><strong>Id</strong></span> <span class='ocrx_word' id='word_1_209' title='bbox 814 2499 968 2578; x_wconf 91' lang='lat' dir='ltr'><strong>oppidum,</strong></span> <span class='ocrx_word' id='word_1_210' title='bbox 983 2500 1015 2559; x_wconf 94' lang='lat' dir='ltr'><strong>in</strong></span> 
     </span>
     <span class='ocr_line' id='line_1_30' title="bbox 124 2578 1014 2658; baseline -0.002 -18"><span class='ocrx_word' id='word_1_211' title='bbox 124 2598 233 2657; x_wconf 92' lang='lat' dir='ltr'><strong>campo</strong></span> <span class='ocrx_word' id='word_1_212' title='bbox 253 2578 355 2650; x_wconf 85' lang='lat' dir='ltr'><strong>situm,</strong></span> <span class='ocrx_word' id='word_1_213' title='bbox 376 2578 471 2657; x_wconf 87' lang='lat' dir='ltr'><strong>magis</strong></span> <span class='ocrx_word' id='word_1_214' title='bbox 498 2600 587 2658; x_wconf 92' lang='lat' dir='ltr'><strong>opere</strong></span> <span class='ocrx_word' id='word_1_215' title='bbox 612 2600 704 2658; x_wconf 88' lang='lat' dir='ltr'><strong>quam</strong></span> <span class='ocrx_word' id='word_1_216' title='bbox 731 2589 843 2640; x_wconf 89' lang='lat' dir='ltr'><strong>natura</strong></span> <span class='ocrx_word' id='word_1_217' title='bbox 863 2580 1014 2640; x_wconf 92' lang='lat' dir='ltr'><strong>munitum</strong></span> 
     </span>
     <span class='ocr_line' id='line_1_31' title="bbox 123 2657 1062 2740; baseline 0.003 -21"><span class='ocrx_word' id='word_1_218' title='bbox 123 2668 199 2732; x_wconf 91' lang='lat' dir='ltr'><strong>erat,</strong></span> <span class='ocrx_word' id='word_1_219' title='bbox 221 2657 336 2718; x_wconf 85' lang='lat' dir='ltr'><strong>nullius</strong></span> <span class='ocrx_word' id='word_1_220' title='bbox 357 2658 480 2718; x_wconf 87' lang='lat' dir='ltr'><strong>idoneae</strong></span> <span class='ocrx_word' id='word_1_221' title='bbox 501 2661 544 2720; x_wconf 91' lang='lat' dir='ltr'><strong>rei</strong></span> <span class='ocrx_word' id='word_1_222' title='bbox 565 2681 663 2738; x_wconf 89' lang='lat' dir='ltr'><strong>egens,</strong></span> <span class='ocrx_word' id='word_1_223' title='bbox 682 2661 773 2721; x_wconf 89' lang='lat' dir='ltr'><strong>armis</strong></span> <span class='ocrx_word' id='word_1_224' title='bbox 792 2660 924 2738; x_wconf 89' lang='lat' dir='ltr'><strong>virisque</strong></span> <span class='ocrx_word' id='word_1_225' title='bbox 944 2662 1062 2740; x_wconf 82' lang='lat' dir='ltr'><strong>opu-30</strong></span> 
     </span>
     <span class='ocr_line' id='line_1_32' title="bbox 123 2738 1015 2820; baseline 0.002 -20"><span class='ocrx_word' id='word_1_226' title='bbox 123 2741 251 2800; x_wconf 86' lang='lat' dir='ltr'><strong>lentum.</strong></span> <span class='ocrx_word' id='word_1_227' title='bbox 293 2738 394 2817; x_wconf 86' lang='lat' dir='ltr'><strong>Igitur</strong></span> <span class='ocrx_word' id='word_1_228' title='bbox 421 2739 564 2801; x_wconf 89' lang='lat' dir='ltr'><strong>Metellus</strong></span> <span class='ocrx_word' id='word_1_229' title='bbox 590 2761 646 2820; x_wconf 90' lang='lat' dir='ltr'><strong>pro</strong></span> <span class='ocrx_word' id='word_1_230' title='bbox 673 2749 807 2820; x_wconf 91' lang='lat' dir='ltr'><strong>tempore</strong></span> <span class='ocrx_word' id='word_1_231' title='bbox 833 2749 925 2820; x_wconf 86' lang='lat' dir='ltr'><strong>atque</strong></span> <span class='ocrx_word' id='word_1_232' title='bbox 949 2741 1015 2803; x_wconf 94' lang='lat' dir='ltr'><strong>loco</strong></span> 
     </span>
     <span class='ocr_line' id='line_1_33' title="bbox 124 2819 1014 2900; baseline 0.003 -21"><span class='ocrx_word' id='word_1_233' title='bbox 124 2821 240 2900; x_wconf 89' lang='lat' dir='ltr'><strong>paratis</strong></span> <span class='ocrx_word' id='word_1_234' title='bbox 261 2819 350 2880; x_wconf 92' lang='lat' dir='ltr'><strong>rebus</strong></span> <span class='ocrx_word' id='word_1_235' title='bbox 370 2828 480 2880; x_wconf 89' lang='lat' dir='ltr'><strong>cuneta</strong></span> <span class='ocrx_word' id='word_1_236' title='bbox 503 2821 622 2881; x_wconf 89' lang='lat' dir='ltr'><strong>moenia</strong></span> <span class='ocrx_word' id='word_1_237' title='bbox 646 2822 781 2882; x_wconf 87' lang='lat' dir='ltr'><strong>exercitu</strong></span> <span class='ocrx_word' id='word_1_238' title='bbox 807 2822 1014 2896; x_wconf 89' lang='lat' dir='ltr'><strong>circumvenit,</strong></span> 
     </span>
     <span class='ocr_line' id='line_1_34' title="bbox 124 2899 1015 2982; baseline 0.003 -22"><span class='ocrx_word' id='word_1_239' title='bbox 124 2901 233 2979; x_wconf 85' lang='lat' dir='ltr'><strong>legatis</strong></span> <span class='ocrx_word' id='word_1_240' title='bbox 254 2900 383 2979; x_wconf 90' lang='lat' dir='ltr'><strong>imperat</strong></span> <span class='ocrx_word' id='word_1_241' title='bbox 404 2899 457 2960; x_wconf 94' lang='lat' dir='ltr'><strong>ubi</strong></span> <span class='ocrx_word' id='word_1_242' title='bbox 478 2901 603 2980; x_wconf 89' lang='lat' dir='ltr'><strong>quisque</strong></span> <span class='ocrx_word' id='word_1_243' title='bbox 623 2912 751 2963; x_wconf 89' lang='lat' dir='ltr'><strong>curaret.</strong></span> <span class='ocrx_word' id='word_1_244' title='bbox 794 2901 914 2963; x_wconf 93' lang='lat' dir='ltr'><strong>Deinde</strong></span> <span class='ocrx_word' id='word_1_245' title='bbox 929 2904 1015 2982; x_wconf 91' lang='lat' dir='ltr'><strong>signo</strong></span> 
     </span>
     <span class='ocr_line' id='line_1_35' title="bbox 124 2980 1015 3062; baseline 0.003 -21"><span class='ocrx_word' id='word_1_246' title='bbox 124 2981 197 3041; x_wconf 89' lang='lat' dir='ltr'><strong>dato</strong></span> <span class='ocrx_word' id='word_1_247' title='bbox 218 2981 351 3060; x_wconf 90' lang='lat' dir='ltr'><strong>undique</strong></span> <span class='ocrx_word' id='word_1_248' title='bbox 371 2980 461 3041; x_wconf 93' lang='lat' dir='ltr'><strong>simul</strong></span> <span class='ocrx_word' id='word_1_249' title='bbox 483 2981 595 3042; x_wconf 93' lang='lat' dir='ltr'><strong>clamor</strong></span> <span class='ocrx_word' id='word_1_250' title='bbox 616 2983 722 3062; x_wconf 92' lang='lat' dir='ltr'><strong>ingens</strong></span> <span class='ocrx_word' id='word_1_251' title='bbox 742 2983 846 3056; x_wconf 91' lang='lat' dir='ltr'><strong>oritur,</strong></span> <span class='ocrx_word' id='word_1_252' title='bbox 861 3003 959 3062; x_wconf 84' lang='lat' dir='ltr'><strong>neque</strong></span> <span class='ocrx_word' id='word_1_253' title='bbox 979 3005 1015 3044; x_wconf 90' lang='lat' dir='ltr'><strong>ea</strong></span> 
     </span>
     <span class='ocr_line' id='line_1_36' title="bbox 124 3061 1061 3142; baseline 0.001 -20"><span class='ocrx_word' id='word_1_254' title='bbox 124 3082 172 3122; x_wconf 88' lang='lat' dir='ltr'><strong>res</strong></span> <span class='ocrx_word' id='word_1_255' title='bbox 186 3061 336 3121; x_wconf 88' lang='lat' dir='ltr'><strong>Numidas</strong></span> <span class='ocrx_word' id='word_1_256' title='bbox 350 3069 459 3121; x_wconf 88' lang='lat' dir='ltr'><strong>terret:</strong></span> <span class='ocrx_word' id='word_1_257' title='bbox 481 3062 589 3122; x_wconf 88' lang='lat' dir='ltr'><strong>infensi</strong></span> <span class='ocrx_word' id='word_1_258' title='bbox 608 3063 777 3142; x_wconf 89' lang='lat' dir='ltr'><strong>intentique</strong></span> <span class='ocrx_word' id='word_1_259' title='bbox 796 3064 860 3124; x_wconf 87' lang='lat' dir='ltr'><strong>sine</strong></span> <span class='ocrx_word' id='word_1_260' title='bbox 880 3065 1013 3124; x_wconf 92' lang='lat' dir='ltr'><strong>tumultu</strong></span> <span class='ocrx_word' id='word_1_261' title='bbox 1024 3064 1061 3124; x_wconf 84' lang='lat'><strong>35</strong></span> 
     </span>
     <span class='ocr_line' id='line_1_37' title="bbox 124 3141 1015 3223; baseline 0.003 -22"><span class='ocrx_word' id='word_1_262' title='bbox 124 3150 267 3214; x_wconf 89' lang='lat' dir='ltr'><strong>manent;</strong></span> <span class='ocrx_word' id='word_1_263' title='bbox 295 3141 442 3221; x_wconf 90' lang='lat' dir='ltr'><strong>proelium</strong></span> <span class='ocrx_word' id='word_1_264' title='bbox 463 3142 614 3221; x_wconf 89' lang='lat' dir='ltr'><strong>incipitur.</strong></span> <span class='ocrx_word' id='word_1_265' title='bbox 657 3143 797 3216; x_wconf 89' lang='lat' dir='ltr'><strong>Romani,</strong></span> <span class='ocrx_word' id='word_1_266' title='bbox 819 3165 874 3223; x_wconf 91' lang='lat' dir='ltr'><strong>pro</strong></span> <span class='ocrx_word' id='word_1_267' title='bbox 894 3145 1015 3223; x_wconf 90' lang='lat' dir='ltr'><strong>ingenio</strong></span> 
     </span>
     <span class='ocr_line' id='line_1_38' title="bbox 125 3221 1014 3303; baseline 0.003 -22"><span class='ocrx_word' id='word_1_268' title='bbox 125 3223 260 3301; x_wconf 89' lang='lat' dir='ltr'><strong>quisque,</strong></span> <span class='ocrx_word' id='word_1_269' title='bbox 274 3242 344 3301; x_wconf 92' lang='lat' dir='ltr'><strong>pars</strong></span> <span class='ocrx_word' id='word_1_270' title='bbox 361 3221 477 3282; x_wconf 89' lang='lat' dir='ltr'><strong>eminus</strong></span> <span class='ocrx_word' id='word_1_271' title='bbox 497 3223 608 3300; x_wconf 89' lang='lat' dir='ltr'><strong>glande</strong></span> <span class='ocrx_word' id='word_1_272' title='bbox 629 3233 684 3283; x_wconf 88' lang='lat' dir='ltr'><strong>aut</strong></span> <span class='ocrx_word' id='word_1_273' title='bbox 704 3223 856 3302; x_wconf 91' lang='lat' dir='ltr'><strong>lapidibus</strong></span> <span class='ocrx_word' id='word_1_274' title='bbox 869 3246 1014 3303; x_wconf 87' lang='lat' dir='ltr'><strong>pugnare,</strong></span> 
     </span>
     <span class='ocr_line' id='line_1_39' title="bbox 125 3302 1015 3374; baseline 0 -13"><span class='ocrx_word' id='word_1_275' title='bbox 125 3302 178 3362; x_wconf 91' lang='lat' dir='ltr'><strong>alii</strong></span> <span class='ocrx_word' id='word_1_276' title='bbox 192 3303 351 3363; x_wconf 89' lang='lat' dir='ltr'><strong>succedere</strong></span> <span class='ocrx_word' id='word_1_277' title='bbox 364 3323 400 3363; x_wconf 90' lang='lat' dir='ltr'><strong>ac</strong></span> <span class='ocrx_word' id='word_1_278' title='bbox 414 3323 536 3361; x_wconf 91' lang='lat' dir='ltr'><strong>murum</strong></span> <span class='ocrx_word' id='word_1_279' title='bbox 546 3303 635 3362; x_wconf 90' lang='lat' dir='ltr'><strong>modo</strong></span> <span class='ocrx_word' id='word_1_280' title='bbox 648 3303 816 3374; x_wconf 89' lang='lat' dir='ltr'><strong>subfodere,</strong></span> <span class='ocrx_word' id='word_1_281' title='bbox 827 3305 917 3362; x_wconf 92' lang='lat' dir='ltr'><strong>modo</strong></span> <span class='ocrx_word' id='word_1_282' title='bbox 927 3305 1015 3362; x_wconf 90' lang='lat' dir='ltr'><strong>scalis</strong></span> 
     </span>
     <span class='ocr_line' id='line_1_40' title="bbox 124 3380 1015 3464; baseline -0.007 -22"><span class='ocrx_word' id='word_1_283' title='bbox 124 3382 260 3464; x_wconf 86' lang='lat' dir='ltr'><strong>aggredi,</strong></span> <span class='ocrx_word' id='word_1_284' title='bbox 279 3403 388 3462; x_wconf 87' lang='lat' dir='ltr'><strong>cupere</strong></span> <span class='ocrx_word' id='word_1_285' title='bbox 409 3380 558 3460; x_wconf 92' lang='lat' dir='ltr'><strong>proelium</strong></span> <span class='ocrx_word' id='word_1_286' title='bbox 577 3382 610 3440; x_wconf 90' lang='lat' dir='ltr'><strong>in</strong></span> <span class='ocrx_word' id='word_1_287' title='bbox 630 3381 770 3440; x_wconf 87' lang='lat' dir='ltr'><strong>manibus</strong></span> <span class='ocrx_word' id='word_1_288' title='bbox 790 3381 898 3440; x_wconf 82' lang='lat' dir='ltr'><strong>facere.</strong></span> <span class='ocrx_word' id='word_1_289' title='bbox 939 3380 1015 3438; x_wconf 87' lang='lat' dir='ltr'><strong>Con·</strong></span> 
     </span>
    </p>
   </div>
   <div class='ocr_carea' id='block_1_7' title="bbox 0 0 1206 3692">
    <p class='ocr_par' dir='ltr' id='par_1_8' title="bbox 0 0 1206 3692">
     <span class='ocr_line' id='line_1_41' title="bbox 0 0 1206 3692; baseline 0 0"><span class='ocrx_word' id='word_1_290' title='bbox 0 0 1206 3692; x_wconf 95' lang='lat' dir='ltr'><strong> </strong></span> 
     </span>
    </p>
   </div>
  </div>
 </body>
</html>
