2392 3692
389 151 444 200 nn
463 151 582 200 narro
604 151 850 202 Juounrmuo.
1044 138 1086 204 47

188 315 237 377 48.
260 313 419 393 Jugurtha
442 313 495 374 ubi
519 312 638 373 Metelli
658 313 741 373 dieta
762 333 830 373 cum
851 312 940 373 laetis
963 333 1040 373 eom·

148 395 248 474 posuit
276 415 313 455 ao
340 415 370 455 se
397 395 458 454 suis
485 393 602 454 artibus
635 393 779 472 temptari
812 393 1038 467 animadvortit,

146 475 260 554 quippe
272 475 322 536 oui
332 473 432 536 verbis
442 495 505 553 pax
515 473 724 547 nuntiabatur,
734 483 867 534 ceterum
881 473 1039 534 rebellum

147 575 358 634 asperrumum
379 564 453 627 erat,
468 554 540 615 urbs
560 575 706 615 maxuma
726 554 867 627 alienata,
882 575 955 634 ager
974 555 1040 615 hos

146 635 229 696 tibus
251 635 396 714 cognitus,
418 635 513 695 animi
533 635 725 714 popularium
746 635 897 714 temptati,
919 645 1038 696 eoactus
1068 637 1086 695 5

147 737 250 776 rerum
274 715 493 776 necessitudine
509 716 627 776 statuit
653 717 745 776 armis
772 724 896 776 certare.
938 715 1039 795 Igitur

147 797 308 875 explorato
335 795 466 856 bostium
494 797 609 867 itinere,
637 797 670 855 in
699 817 783 876 spem
810 796 954 857 victoriae
987 797 1039 857 ad·

148 877 259 937 duetus
272 897 312 936 ex
326 877 551 956 opportunitate
565 877 633 949 loci,
648 897 740 955 quam
760 897 919 936 maxumas
940 886 1038 955 potest

149 957 251 1036 copias
271 957 406 1017 omnium
426 977 570 1036 generum
592 966 681 1036 parat
702 978 738 1017 ao
758 977 812 1036 per
832 958 968 1018 tramites
992 978 1038 1019 oo-

121 1056 124 1064 ·
149 1037 247 1098 cultos
274 1037 442 1098 exereitum
469 1037 588 1098 Metelli
619 1038 782 1098 antevenit.
838 1038 916 1098 Erat
943 1039 975 1097 in
1002 1039 1086 1098 ea10

148 1127 237 1198 parte
258 1117 430 1191 Numidiae,
452 1138 543 1196 quam
564 1117 724 1178 Adherbal
748 1119 781 1178 in
805 1118 951 1179 divisione
974 1139 1038 1198 pos-

148 1199 277 1271 sederat,
295 1197 407 1258 flumen
428 1199 525 1259 oriens
545 1219 564 1258 a
585 1199 709 1259 meridie
729 1199 850 1259 nomine
871 1198 1005 1272 Muthul,
1020 1221 1039 1259 a

148 1300 210 1358 quo
224 1278 329 1340 aberat
343 1299 427 1339 mons
447 1279 541 1339 ferme
555 1279 640 1339 milia
653 1299 796 1359 passuum
809 1280 919 1358 viginti
937 1288 1037 1340 traotu

148 1360 226 1440 pari,
241 1369 343 1420 vastus
364 1359 403 1420 ab
423 1369 534 1420 natura
554 1369 583 1420 et
605 1359 739 1420 humano
760 1360 863 1431 oultu;
884 1360 936 1421 sed
950 1381 989 1420 ex
1003 1381 1038 1420 eo

148 1440 249 1502 medio
274 1441 359 1520 quasi
383 1439 467 1500 collis
491 1440 653 1513 oriebatur,
672 1441 704 1500 in
728 1441 906 1500 immensum
928 1442 1086 1519 pertin-15

148 1541 233 1600 gens,
247 1521 372 1581 vestitus
387 1520 515 1580 oleastro
529 1541 565 1582 ae
578 1522 717 1581 murtetis
739 1520 865 1599 aliisque
878 1521 1038 1600 generibus

149 1601 302 1674 arborum,
324 1621 401 1681 quae
428 1601 514 1661 humi
541 1601 627 1661 arido
654 1611 744 1680 atque
768 1622 892 1662 arenoso
911 1603 1038 1681 gignun-

149 1691 210 1742 tur.
253 1681 356 1742 Media
370 1691 472 1742 autem
486 1680 627 1761 planities
647 1682 764 1742 deserta
785 1683 912 1761 penuria
933 1703 1038 1762 aquae,

147 1770 271 1842 praeter
292 1761 410 1821 flumini
430 1763 600 1902 propinqua
621 1763 704 1835 loea;
725 1783 761 1822 ea
780 1763 894 1823 consita
910 1763 1039 1823 arbustis

149 1863 257 1922 pecore
270 1851 362 1921 atque
376 1841 486 1904 cultori
508 1864 542 1904 us
556 1842 835 1921 frequentabantur.
1049 1844 1088 1903 20

191 1924 241 1985 49.
265 1922 365 2002 Igitur
392 1923 424 1982 in
451 1943 486 1983 eo
513 1923 597 1996 eolle,
622 1944 712 2001 quem
736 1933 907 1985 transvorso
932 1925 1039 1984 itinere

149 2011 322 2083 porrectum
350 2003 514 2077 docuimus,
542 2002 700 2084 Jugurtha
726 2011 891 2065 extenuata
918 2025 1040 2065 suorum

149 2085 216 2144 acie
236 2084 378 2150 oonsedit.
400 2083 567 2163 elephantis
594 2094 624 2144 et
652 2085 733 2164 parti
760 2085 916 2164 copiarum
940 2086 1040 2164 pedes

149 2165 244 2224 trium
272 2164 473 2225 Bomilcarem
501 2165 654 2243 praefecit,
675 2186 804 2245 eumque
831 2166 935 2227 edocet
963 2186 1040 2245 quae

149 2254 262 2324 ageret.
304 2244 373 2324 Ipse
394 2245 515 2324 propior
536 2254 669 2306 montem
697 2266 766 2306 oum
794 2247 876 2306 omni
904 2246 1087 2325 equitatu25

149 2334 181 2386 et
205 2325 357 2404 peditibus
381 2325 503 2386 delectis
530 2347 598 2386 suos
626 2325 761 2387 oollooat.
805 2325 884 2387 Dein
905 2327 1040 2405 singulas

149 2415 266 2466 turmas
279 2414 309 2466 et
324 2405 493 2485 manipulos
514 2407 692 2468 'circumiens
713 2416 814 2468 monet
835 2417 926 2487 atque
946 2407 1040 2467 obtes-

149 2496 243 2559 tatur,
271 2487 317 2546 uti
344 2507 488 2547 memores
515 2487 659 2566 pristinae
687 2487 809 2549 virtutis
836 2497 866 2548 et
893 2488 1039 2548 victoriae

149 2587 212 2628 sese
232 2587 418 2647 regnumque
438 2587 526 2628 suum
546 2568 586 2628 ab
607 2569 814 2630 Romanorum
839 2569 968 2629 avaritia
992 2569 1040 2628 de-

150 2648 294 2708 fendant:
316 2668 385 2708 oum
406 2648 448 2708 eis
469 2657 622 2710 certamen
643 2649 715 2722 lore,
736 2669 810 2728 quos
835 2659 924 2710 antea
944 2650 1040 2710 victos
1049 2650 1087 2708 30
1191 2662 1192 2667 ’

150 2727 207 2788 sub
224 2729 333 2808 jugum
347 2729 500 2802 miserint3
515 2731 622 2791 duoem
637 2729 706 2803 illis,
720 2750 781 2790 non
794 2729 929 2790 animum
944 2739 1040 2789 muta-

150 2819 235 2881 tum;
269 2829 347 2886 quae
374 2809 412 2870 ab
441 2810 622 2890 imperatore
652 2810 816 2882 decuerint,
845 2811 946 2871 omnia
979 2810 1039 2870 suis

151 2889 280 2967 provisa,
295 2889 395 2950 locum
412 2891 605 2970 superiorem,
620 2901 654 2950 ut
675 2891 837 2970 prudentes
858 2912 927 2952 eum
948 2892 1039 2970 impe

152 2969 225 3041 ritis,
240 2989 277 3029 ne
291 2971 446 3049 pauniores
461 2991 529 3031 oum
545 2969 684 3049 pluribus
698 2980 752 3030 aut
765 2972 855 3031 rudes
876 2993 945 3032 eum
966 2970 1039 3032 belli

151 3049 324 3111 melioribus
352 3072 477 3111 manum
498 3060 703 3124 consererent3
731 3052 856 3129 proinde
877 3053 976 3131 parati
997 3053 1040 3110 in·
1049 3051 1087 3109 35

152 3131 288 3210 tentique
301 3141 398 3192 essent
412 3132 497 3209 signo
511 3131 582 3190 dato
597 3131 750 3191 Romanos
769 3132 929 3204 invadere;
951 3132 1039 3192 illum

153 3211 232 3271 diem
252 3221 307 3273 aut
327 3232 429 3272 omnes
449 3211 566 3271 labores
581 3220 613 3271 et
626 3212 768 3273 victorias
782 3211 1040 3282 confirmaturum,

152 3300 205 3352 aut
232 3312 447 3352 maxumarum
475 3312 688 3351 aerumnarum
716 3292 837 3349 initium
863 3292 935 3349 fore.
988 3291 1040 3348 Ad

152 3371 209 3433 hoo
222 3373 347 3443 viritim,
370 3373 415 3431 uti
436 3385 584 3450 quemque
605 3370 643 3429 ob
665 3369 796 3427 militare
816 3369 932 3427 facinus
953 3387 1040 3443 pecu-
