2392 3692
30 124 72 188 60
317 137 540 189 0111110011
562 137 682 188 ceram
781 155 784 158 ·

77 295 175 370 rebus,
196 296 228 356 in
255 296 335 357 diem
362 296 486 358 tertium
514 295 710 369 constituunt,
727 297 809 376 quod
828 297 854 359 is
873 298 967 360 festus

78 377 305 456 celebratusque
325 399 378 456 per
398 398 517 438 omnem
538 376 677 438 Africam
702 377 809 438 ludum
830 387 862 438 et
881 378 967 440 lasci-

78 458 159 518 viam
181 457 277 536 magis
298 478 388 537 quam
410 457 601 518 formidinem
618 458 797 520 ostentabat.
839 458 898 519 Sed
912 459 967 520 ubi

16 539 19 545 '
78 547 196 617 tempus
214 539 281 610 fuit,
297 539 484 599 centuriones
503 538 700 617 tribunosque
720 538 866 599 militares
878 548 909 600 et
923 540 966 618 ip

52 619 143 678 baum
165 619 351 697 praefectum
372 619 473 698 oppidi
488 617 522 680 Τ,
537 618 709 699 Turpilium
726 618 873 691 Silanum,
888 620 966 680 aliua

78 699 170 758 alium
186 698 288 759 domos
301 720 370 760 suas
384 700 532 772 invitant;
546 719 595 761 cos
610 720 712 760 omnes
725 709 845 778 praeter
859 699 965 779 Turpi·

78 779 153 838 lium
167 779 245 839 inter
259 780 363 858 epulas
378 778 578 852 obtruncant;
592 789 697 859 postea
706 779 817 840 milites
827 780 965 860 palantes

77 860 214 933 inermos,
230 860 342 939 quippe
356 861 388 919 in
401 860 457 920 tali
471 861 519 921 die
541 881 576 922 ac
596 861 660 921 sine
680 861 815 940 imperio,
829 861 966 940 aggredi-

77 949 179 1000 untur.
215 939 301 1000 Idem
310 940 681 1020 plebesfaeit,parsedocti
689 941 728 1002 ab
737 941 965 1013 nobilitate,alii

32 1020 176 1081 lllstudio
185 1022 292 1081 talium
302 1042 403 1081 rerum
413 1022 538 1095 incitati,
546 1022 612 1101 quis
621 1030 690 1082 acta
699 1020 965 1101 consiliumqueig·

78 1101 254 1162 norantibus
269 1102 417 1162 turnultus
428 1103 490 1181 ipse
500 1112 530 1162 et
540 1122 586 1162 res
597 1122 695 1163 novae
708 1102 781 1162 satis
794 1101 964 1181 placebant.

120 1183 167 1244 67.
190 1183 320 1243 Romani
335 1183 453 1256 milites,
468 1183 631 1262 improviso
651 1191 733 1243 metu
755 1183 862 1243 incerti
883 1183 965 1261 igna-

78 1263 171 1342 rique,
184 1264 255 1342 quid
267 1263 462 1342 potissumum
474 1263 616 1336 facerent,
627 1263 796 1342 trepidare:
810 1263 849 1323 ad
863 1283 965 1324 arcem

78 1344 190 1422 oppidi,
207 1343 257 1403 ubi
271 1345 357 1422 signa
371 1353 401 1404 et
414 1352 500 1404 scuta
513 1352 610 1417 erant,
619 1343 801 1423 praesidium
815 1344 963 1414 hostium;

32 1424 181 1504 15portae
206 1434 276 1484 ante
301 1423 420 1485 clausae
447 1425 551 1504 firgam
576 1421 786 1503 prohibebant.
829 1424 880 1483 Ad
904 1425 961 1485 hoc

77 1505 216 1565 mulieres
243 1505 388 1584 puerique
415 1525 470 1583 pro
497 1505 583 1565 tectis
607 1505 812 1566 aedificiorum
836 1525 912 1564 saxa
934 1513 964 1565 et

77 1586 146 1658 alia,
168 1606 245 1663 quae
272 1585 355 1646 locus
382 1585 554 1663 praebebat,
580 1585 718 1645 certatim
744 1585 872 1645 mittere.
914 1585 965 1645 Ita

77 1687 174 1744 neque
201 1667 302 1732 caveri
336 1686 445 1744 anceps
475 1666 589 1725 malum
617 1685 715 1745 neque
742 1686 762 1725 a
788 1665 964 1726 fortissumis

77 1747 288 1808 infirmissumo
315 1747 418 1825 generi
445 1747 542 1806 resisti
569 1765 670 1825 posse;
694 1746 787 1824 juxta
807 1745 879 1806 boni
903 1767 963 1806 ma-

30 1828 167 1908 ldlique,
188 1827 301 1888 strenui
322 1836 352 1887 et
373 1826 508 1887 imbelles
532 1826 624 1886 inulti
644 1825 828 1887 obtruncari.
870 1826 908 1886 In
928 1847 964 1886 ea

76 1919 163 1969 tanta
194 1909 363 1987 asperitate,
390 1907 579 1968 saevissumis
614 1906 757 1967 Numidis
790 1915 821 1968 et
855 1907 964 1986 oppido

76 1989 210 2127 undique
231 1990 340 2061 clauso,
355 1987 509 2067 Turpilius
529 1987 699 2066 praefectus
717 2008 797 2048 unus
814 2008 853 2048 ex
872 1987 964 2048 omni·

77 2069 133 2130 bus
179 2069 275 2130 talicis
302 2070 433 2130 intactus
460 2068 603 2148 prodigit.
655 2067 693 2128 Id
721 2068 964 2129 misericordiane

77 2149 210 2229 hospitis,
232 2170 271 2209 an
296 2149 434 2229 pactione
458 2159 512 2210 aut
537 2169 606 2210 casu
629 2148 672 2208 ita
692 2149 835 2221 evenerit,
856 2168 963 2228 parum

29 2229 67 2288 25
77 2230 290 2310 comperimus:
312 2231 379 2303 nisi,
394 2231 465 2308 quia
480 2230 525 2290 1111
540 2231 571 2290 111
586 2237 673 2289 tanto
691 2228 772 2290 malo
788 2237 823 2290 tu
861 2229 963 2290 isvita

77 2311 195 2451 inpiegra
222 2311 304 2371 fama
331 2311 430 2390 potior
456 2311 523 2383 fuit,
548 2309 703 2390 improbus
729 2250 890 2371 intestarb''
926 2329 964 2370 ue

76 2412 107 2451 vr
130 2402 205 2452 etur.

119 2473 167 2535 68.
182 2471 333 2545 Metellus,
348 2482 505 2553 postquam
521 2472 558 2532 de
572 2470 661 2532 rebus
674 2471 783 2551 Vagae
797 2471 873 2532 actis
886 2491 962 2532 com-

77 2553 164 2630 perit,
186 2552 339 2631 paulisper
359 2564 489 2614 maestus
513 2574 551 2613 ex
577 2562 738 2632 conspectu
759 2551 831 2612 abit.
873 2550 963 2611 Dein·

30 2631 67 2692 30
78 2633 115 2692 de
129 2632 181 2693 ubi
196 2633 242 2692 ira
256 2642 286 2693 et
300 2634 457 2712 aegritudo
472 2634 624 2714 permixta
641 2642 721 2705 sunt,
736 2653 804 2693 cum
819 2652 963 2692 maxuma

78 2733 150 2774 cura
174 2714 273 2773 ultum
301 2713 344 2773 ire
372 2715 499 2794 injurias
525 2714 657 2775 festinat.
699 2713 872 2792 Legionem,
894 2733 963 2772 cum

77 2814 137 2871 qua
164 2793 326 2866 hiemabat,
348 2802 377 2854 et
405 2816 497 2874 quam
517 2795 673 2875 plurumos
693 2802 790 2874 potest
813 2792 963 2852 Numidas

77 2875 191 2952 equites
216 2874 329 2952 pariter
357 2896 425 2935 cum
449 2896 555 2937 occasu
580 2875 651 2936 solis
675 2875 830 2955 expeditos
853 2872 962 2944 educit,

77 2963 107 3014 et
131 2963 249 3033 postera
270 2955 319 3014 die
340 2955 459 3017 circiter
483 2956 589 3016 horam
617 2957 740 3017 tertiam
767 2954 904 3035 pervenit
930 2953 960 3012 in

31 3033 230 3113 aequandam
245 3035 411 3114 planitiem,
426 3037 497 3097 locis
511 3036 603 3115 paulo
616 3035 818 3115 superioribus
839 3036 963 3095 eircum-

78 3124 208 3176 ventam.
264 3115 313 3175 lbi
347 3117 457 3176 milites
490 3116 580 3176 fessos
614 3117 729 3176 itineris
756 3115 963 3194 magnitudine

78 3203 107 3252 et
131 3196 196 3271 jam
223 3194 389 3253 abnuentes
420 3196 520 3254 omnia
547 3195 643 3266 docet,
671 3196 814 3274 oppidum
842 3195 962 3273 Vagam

78 3290 138 3329 non
159 3271 288 3349 amplius
308 3271 391 3330 mille
412 3293 554 3348 passuum
575 3273 691 3332 abesse:
713 3274 818 3334 decere
835 3274 902 3333 illos
920 3294 960 3332 re

79 3348 196 3426 liquum
217 3348 351 3409 laborem
372 3369 467 3427 aequo
488 3351 589 3411 animo
604 3352 677 3429 pati,
691 3353 764 3410 dum
778 3373 833 3429 pro
847 3352 963 3413 civibus
