2392 3692
114 122 157 186 94
405 135 431 186 o.
450 135 628 187 sntnnsrr
650 133 769 187 errari

161 296 242 358 bello
267 296 443 376 plurumum
467 269 621 378 ingenium
646 317 739 377 posse.
782 295 874 372 Quod
897 296 923 357 si
947 317 1054 375 regum

162 388 253 517 atque
274 379 491 457 imperatorum
511 379 605 438 animi
626 379 723 440 virtus
750 377 781 436 in
807 396 881 455 paee
901 377 946 437 ita
966 386 1001 437 ut
1021 378 1053 437 in

163 459 199 519 be
212 459 242 518 lo
259 459 383 532 valeret,
397 458 585 538 aequabilius
605 468 697 537 atque
718 457 904 517 constantius
924 478 987 518 sese
1007 478 1053 517 res

162 539 314 599 humanae
341 539 496 611 haberent,
524 559 622 618 neque
648 538 733 598 aliud
760 537 820 598 alio
847 537 930 611 ferri,
957 558 1053 616 neque

135 619 274 680 5mutari
294 639 331 680 ac
351 619 469 680 misceri
489 619 590 680 omnia
611 638 754 679 cerneres.
796 616 879 678 Nam
892 618 1052 698 imperium

163 700 252 760 facile
272 699 314 760 eia
334 699 451 760 artibus
465 700 623 771 retinetur,
637 698 748 777 quibus
761 698 848 760 initio
862 708 985 778 partum
999 707 1051 759 est.

163 780 279 841 Verum
305 779 358 839 ubi
382 800 437 858 pro
461 779 564 840 labore
590 779 713 851 desidia,
734 798 790 859 pro
813 780 1002 840 continentia
1024 789 1053 839 et

163 860 314 939 aequitate
340 859 446 920 lubido
472 870 564 938 atque
590 859 733 939 superbia
759 860 903 932 invasere,
931 859 1054 920 fortuna

162 940 253 1000 simul
267 961 336 1001 cum
351 940 484 1000 moribus
497 939 686 1001 immutatur.
728 939 778 1000 Ita
798 940 959 1020 imperium
980 960 1053 1000 sem·

116 1023 154 1081 10
162 1043 216 1100 per
229 1021 269 1080 ad
283 1028 442 1100 optumum
457 1040 605 1100 quemque
618 1041 638 1080 a
651 1021 751 1081 minus
770 1019 849 1081 bono
861 1021 1052 1081 transfertur.

164 1102 252 1179 Quae
278 1101 414 1162 homines
441 1109 539 1174 arant,
566 1101 723 1180 navigant,
750 1101 921 1174 aedificant,
946 1102 1054 1162 virtuti
1169 1134 1170 1145 2

165 1182 266 1242 omnia
292 1191 410 1261 parent.
457 1181 517 1242 Sed
545 1181 636 1242 multi
662 1181 804 1242 mortales
831 1180 926 1242 dediti
954 1183 1054 1242 ventri
1169 1202 1170 1207 ¹

164 1271 255 1342 atque
274 1282 387 1335 somno,
408 1262 522 1324 indocti
542 1263 720 1342 incultique,
741 1263 837 1323 vitam
860 1262 952 1323 sicuti
973 1283 1054 1344 pere

162 1343 316 1422 grinantes
343 1343 504 1404 transiere:
536 1343 806 1432 quibuaprofecto
834 1352 941 1403 contra
967 1351 1054 1403 natu·
1164 1362 1169 1370 ·

116 1424 229 1482 lbram
243 1443 351 1503 corpus
365 1424 525 1504 voluptati,
539 1423 738 1484 animaoneri
752 1423 819 1484 fuit.
861 1422 978 1483 Eorum
1000 1444 1055 1502 ego
1165 1486 1168 1497 ,

163 1504 258 1564 vitam
280 1513 465 1584 mortemque
482 1505 575 1583 juxta
595 1513 740 1577 aestumo,
754 1504 896 1583 quoniam
914 1503 954 1564 de
972 1514 1054 1564 utra·

162 1605 221 1678 que
254 1585 369 1645 siletur.
426 1583 542 1646 Verum
576 1585 729 1645 enimvero
762 1585 787 1645 is
820 1584 945 1644 demum
978 1584 1053 1644 mihi

162 1686 266 1728 vrvere
286 1673 378 1745 atque
398 1665 460 1725 frui
480 1665 583 1725 anima
596 1665 727 1737 videtur,
741 1665 794 1744 qui
812 1664 915 1744 aliquo
933 1665 1054 1744 negotio
1162 1720 1168 1770 ι,

162 1747 296 1807 intentus
315 1745 465 1826 praeclari
485 1745 627 1806 facinoris
651 1754 706 1805 aut
728 1745 802 1806 artis
822 1744 920 1806 bonae
940 1745 1052 1805 famam

115 1830 154 1890 20
163 1828 288 1922 quaerit.
330 1826 390 1920 Sed
400 1827 432 1887 in
443 1847 555 1906 magna
565 1826 652 1904 copia
662 1845 763 1887 rerum
776 1824 861 1887 aliud
875 1825 929 1895 alii
942 1834 1053 1887 natura

162 1907 425 2050 ltebosliiilbllriium
444 1995 489 2047 est
509 1985 585 2048 bene
605 1987 704 2048 facere
722 1985 766 2047 rei
802 1943 941 2059 ublicac3
957 1987 1052 2055 ‚etiam
1161 2008 1168 2051 ,ι

164 2069 240 2129 bene
261 2068 361 2128 dicere
381 2067 463 2128 haud
484 2067 651 2127 absurdum
671 2075 732 2138 est3
756 2006 804 2128 vell
818 2086 892 2146 pace
905 2065 957 2128 vel
974 2066 1054 2128 bello

164 2150 280 2211 clarum
299 2148 366 2209 fieri
386 2147 474 2209 licet:
496 2156 527 2208 et
541 2148 593 2226 qui
607 2147 703 2208 fecere
717 2156 747 2208 et
761 2147 813 2225 qui
826 2146 910 2209 facta
922 2146 1052 2208 aliorum

116 2233 154 2292 25
163 2231 315 2309 scripsere,
343 2228 434 2288 multi
461 2228 634 2289 laudantur.
676 2227 725 2288 Ac
753 2227 827 2287 mihi
854 2227 987 2306 quidem,
1010 2236 1053 2288 ta-
1163 2275 1168 2302 ,

163 2311 249 2371 metsi
270 2309 508 2389 haudquaquam
528 2329 584 2388 par
604 2307 701 2388 gloria
720 2308 857 2386 sequitur
876 2307 1052 2387 scriptorem
1164 2316 1167 2333 '

162 2401 194 2453 et
207 2400 361 2452 auctorem
375 2409 485 2462 rerum,
499 2398 603 2450 tamen
616 2389 648 2449 in
662 2388 767 2468 primis
788 2388 918 2449 arduum
931 2389 1053 2450 videtur

164 2493 210 2533 res
224 2480 322 2552 gestos
335 2469 482 2542 scribere;
503 2469 635 2550 primum
655 2469 735 2548 quod
755 2469 838 2530 faeta
858 2469 947 2530 dictis
967 2491 1054 2531 exue

163 2553 286 2632 quanda
312 2561 400 2624 sunt3
428 2550 538 2612 dehinc
566 2550 639 2628 quia
666 2550 810 2629 plerique,
837 2569 916 2628 quae
942 2550 1053 2612 delicta

116 2635 154 2695 30
163 2633 397 2714 reprehenderis,
412 2631 626 2692 malevolentia
645 2638 676 2691 et
695 2630 813 2691 invidia
830 2629 913 2691 dicta
925 2640 1036 2710 putant
1045 2654 1052 2704 ;
1110 2652 1112 2655 ·

163 2715 217 2775 ubi
231 2715 268 2775 de
287 2733 398 2791 magna
412 2713 526 2773 virtute
546 2720 638 2790 atque
658 2711 756 2791 gloria
776 2710 924 2771 bonorum
945 2731 1053 2772 memo

163 2815 218 2867 res,
248 2814 325 2874 quae
352 2793 409 2854 sibi
436 2793 563 2873 quisque
590 2791 694 2853 facilia
720 2791 805 2853 factu
832 2799 930 2871 putat,
957 2813 1053 2871 aequo

163 2877 264 2936 animo
278 2873 398 2952 accipit,
412 2894 505 2953 supra
523 2894 559 2934 ea
572 2873 669 2934 veluti
689 2872 762 2932 ficta
781 2893 837 2951 pro
857 2871 940 2932 falsis
960 2871 1051 2933 ducit

163 2955 222 3016 Sed
242 2975 298 3035 ego
318 2953 562 3014 adulescentulus
582 2953 677 3026 initio,
692 2953 782 3014 sicuti
795 2952 940 3033 plerique,
953 2953 1053 3012 studio

116 3036 154 3096 35
164 3037 203 3096 ad
220 3056 283 3097 rem
299 3033 453 3114 publicam
474 3034 555 3095 latus
574 3055 652 3108 sum,
667 3033 770 3112 ibique
789 3033 865 3093 mihi
884 3032 983 3093 multa
1003 3033 1053 3093 ad-

163 3137 252 3176 vorsa
272 3116 364 3175 fuere.
407 3115 488 3174 Nam
509 3134 564 3192 pro
584 3116 709 3192 pudore,
723 3135 778 3192 pro
792 3113 984 3186 abstinentia,
998 3134 1053 3193 pro
1157 3130 1163 3151 ¹

164 3196 288 3266 virtute,
309 3193 446 3264 audacia,
468 3193 597 3270 largitio,
619 3194 750 3253 avaritia
771 3193 923 3272 vigebant.
965 3193 1053 3269 Quae

166 3274 285 3332 tametsi
320 3272 439 3330 animus
472 3272 701 3348 aspernabatur,
740 3272 870 3333 insolens
903 3273 1053 3334 malarum

165 3353 285 3421 artium,
302 3359 404 3409 tamen
424 3351 503 3408 inter
523 3357 611 3408 tanta
623 3350 699 3410 vitia
717 3351 870 3413 imbecilla
889 3363 972 3414 aetas
992 3374 1053 3413 am-
