2392 3692
105 113 147 178 34
392 125 615 177 (1111111111
637 125 758 177 carsrr

152 283 336 364 Calpurnius
350 283 481 345 Romam
495 284 534 344 ad
548 284 742 363 magistratus
752 282 900 363 rogandos
910 283 1038 362 proficis

152 367 239 427 citur.
275 364 313 424 In
322 364 469 425 Numidia
477 373 507 425 et
517 365 654 426 exercitu
664 373 765 425 nostro
775 385 837 444 pax
856 363 1040 443 agitabatur.

191 446 243 509 30.
264 441 429 524 Postquam
450 466 496 506 res
516 445 548 506 in
562 445 672 506 Africa
691 454 798 525 gestas,
812 465 931 524 quoque
950 445 1040 506 modo

150 537 235 589 actae
262 527 370 599 forent,
397 527 480 586 fama
507 526 686 605 divolgavit,
715 525 831 586 Romae
858 545 911 604 per
938 546 1040 586 omnes

123 609 230 669 blocos
244 614 274 668 et
288 615 454 668 conventus
474 607 511 666 de
531 607 613 667 facto
634 605 765 668 consulis
785 605 902 700 agitari.
943 607 1040 685 Apud

150 688 270 769 plebem
293 689 396 768 gravis
419 686 543 758 invidia,
568 695 669 766 patres
695 686 816 748 solliciti
843 695 945 759 erant;
973 708 1041 766 pro-

150 770 296 830 barentne
327 777 446 829 tantum
474 767 625 847 flagitium
653 787 694 826 an
720 768 875 828 decretum
910 767 1041 828 consulis

149 849 369 922 subvorterent,
393 869 501 929 parum
529 846 696 908 constabat.
745 846 794 910 Ac
821 868 964 908 maxume
990 868 1040 908 eos

150 929 286 1010 potentia
315 928 431 1002 Scauri,
459 929 541 1008 quod
576 929 601 988 is
634 937 740 990 auctor
773 937 804 990 et
837 929 934 989 socius
968 927 1037 989 Bes

104 1011 211 1073 lOtiae
238 1009 401 1082 ferebatur,
429 1030 448 1069 a
475 1029 547 1070 vero
581 1009 720 1089 bonoque
746 1008 937 1089 impediebat.
993 1008 1038 1069 At

149 1090 184 1152 C.
206 1090 378 1163 Memmius,
399 1091 485 1170 cujus
506 1090 544 1150 de
565 1089 706 1150 libertate
725 1091 828 1170 ingeni
848 1099 879 1150 et
899 1089 968 1150 odio
987 1110 1035 1169 po

149 1172 262 1233 tentiae
282 1170 450 1231 nobilitatis
463 1191 555 1250 supra
568 1171 711 1244 diximus,
725 1172 805 1231 inter
817 1169 1037 1230 dubitationem

150 1261 180 1312 et
193 1271 292 1312 moras
312 1260 434 1312 senatus
455 1252 648 1313 concionibus
668 1251 815 1332 populum
831 1252 871 1312 ad
885 1251 1039 1312 vindican-

149 1333 223 1392 dum
240 1332 373 1404 hortari;
395 1353 525 1406 monere,
539 1354 577 1392 ne
598 1353 662 1393 rem
682 1332 845 1412 publicam,
859 1352 897 1392 ne
918 1331 1038 1392 liberta-

103 1415 212 1474 lbtem
238 1433 325 1473 suam
353 1412 531 1486 desererent,
559 1413 657 1474 multa
687 1412 818 1492 superba
844 1421 875 1472 et
902 1412 1039 1473 crudelia

149 1494 285 1554 facinora
299 1492 466 1555 nobilitatis
487 1495 659 1555 ostendere:
674 1514 796 1573 prorsus
810 1493 943 1553 intentus
957 1493 1036 1552 omni

149 1575 238 1635 modo
259 1573 355 1653 plebis
376 1576 512 1635 animum
533 1574 722 1635 incendebat.
764 1573 823 1634 Sed
840 1573 981 1652 quoniam
1002 1593 1037 1632 ea

148 1664 326 1734 tempestate
348 1654 464 1716 Romae
484 1656 612 1716 Memmi
636 1654 780 1716 facundia
802 1653 885 1714 clara
911 1652 1036 1733 pollens

150 1756 209 1815 que
229 1736 297 1809 fuit,
318 1736 424 1798 decere
451 1736 635 1797 existumavi
659 1755 752 1795 unam
778 1755 817 1795 ex
844 1743 908 1794 tam
935 1733 1039 1795 multis

103 1817 316 1879 adorationem
333 1818 397 1897 ejus
410 1816 604 1897 perscribere,
618 1836 654 1876 ac
668 1816 866 1896 potissumum
879 1835 915 1874 ea
929 1814 1037 1888 dicam,

151 1918 229 1977 quae
249 1899 281 1958 in
302 1899 444 1960 concione
456 1907 524 1980 post
538 1898 669 1958 reditum
685 1896 806 1958 Bestiae
818 1896 943 1976 hujusce
955 1896 1038 1956 modi

150 1978 250 2038 verbis
264 1978 410 2039 disseruit.

190 2059 235 2120 ³1.
258 2059 387 2120 “Multa
407 2080 454 2120 me
475 2058 676 2120 dehortantur
696 2078 716 2118 a
736 2055 830 2131 vobis,
848 2056 992 2134 Quirites,
1006 2057 1039 2116 ni

150 2139 284 2199 studium
303 2140 347 2199 rei
367 2140 508 2219 publicae
529 2141 631 2200 omnia
650 2145 787 2218 superet:
809 2158 878 2216 opes
891 2137 1039 2210 factionis,

103 2219 141 2280 25
150 2227 253 2281 vostra
273 2220 428 2299 patientia,
445 2222 496 2300 jus
516 2220 646 2293 nullum,
667 2240 704 2280 ac
724 2238 876 2291 maxume,
895 2218 974 2298 quod
994 2219 1039 2277 in·

150 2299 306 2360 nocentiae
320 2300 389 2379 plus
402 2300 529 2380 periculi
544 2322 635 2380 quam
652 2300 775 2360 honoris
794 2309 846 2359 est.
888 2299 969 2358 Nam
983 2299 1039 2359 illa

150 2380 272 2459 quidem
299 2381 382 2460 piget
410 2381 517 2453 dicere,
545 2380 592 2441 his
627 2381 714 2441 annis
748 2378 920 2459 quindecim
947 2399 1039 2458 quam

150 2460 283 2522 ludibrio
311 2461 428 2521 fueritis
455 2461 614 2540 superbiae
641 2481 817 2540 paucorum,
838 2480 930 2539 quam
952 2459 1039 2520 foede

150 2561 301 2620 quamque
322 2541 413 2601 inulti
433 2541 578 2620 perierint
598 2542 693 2603 vostri
713 2540 890 2614 defensores,
905 2549 940 2600 ut
952 2540 1039 2601 vobis

89 2621 141 2685 ,30
151 2623 269 2682 animus
290 2621 329 2681 ab
348 2622 470 2700 ignavia
491 2631 581 2700 atque
601 2623 738 2682 socordia
752 2629 910 2700 corruptus
923 2621 972 2694 sit,
986 2622 1039 2700 qui

150 2722 188 2761 ne
209 2722 291 2762 nunc
312 2703 443 2781 quidem,
458 2702 596 2762 obnoxiis
610 2702 749 2773 inimicis,
763 2702 933 2780 exsurgitis,
948 2711 1039 2780 atque

150 2783 242 2841 etiam
269 2802 351 2842 nunc
379 2782 490 2842 timetis
517 2802 575 2853 eos,
597 2782 707 2861 quibus
731 2784 816 2843 decet
840 2782 947 2842 terrori
966 2802 1037 2842 esse.

150 2862 210 2922 Sed
231 2881 416 2940 quamquam
437 2862 512 2923 haec
531 2863 607 2924 talia
626 2872 706 2936 sunt,
726 2872 829 2924 tamen
850 2862 970 2923 obviam
994 2862 1038 2922 ire

151 2941 290 3003 factionis
304 2942 456 3021 potentiae
469 2943 588 3003 animus
602 2943 723 3023 subigit.
766 2943 855 3004 Certe
875 2964 930 3022 ego
950 2941 1038 3002 liber-

104 3024 142 3084 35
150 3031 254 3096 tatem,
276 3042 354 3101 quae
373 3023 447 3082 mihi
469 3043 488 3083 a
508 3034 633 3103 parente
653 3045 718 3085 meo
742 3024 857 3084 tradita
876 3032 929 3098 est,
950 3043 1039 3102 expe

151 3105 229 3163 riar:
252 3123 358 3164 verum
373 3103 403 3164 id
417 3103 532 3164 frustra
551 3125 591 3164 an
612 3105 651 3165 ob
671 3125 735 3164 rem
756 3104 875 3176 faciam,
890 3105 922 3163 in
936 3113 1038 3166 vostra

151 3204 244 3242 manu
268 3183 360 3243 situm
384 3192 437 3255 est,
457 3184 600 3258 Quirites.
642 3184 749 3263 Neque
772 3205 828 3262 ego
848 3204 901 3245 vos
924 3183 1039 3257 hortor,

152 3263 232 3340 quod
246 3280 334 3341 saepe
348 3264 475 3341 majores
492 3264 587 3323 nostri
601 3262 706 3335 fecere,
721 3264 766 3323 uti
788 3272 893 3323 contra
913 3264 1039 3342 injurias

152 3342 263 3402 armati
289 3341 380 3401 eatis:
416 3341 494 3401 nihil
520 3343 561 3414 vi,
589 3343 667 3402 nihil
698 3343 859 3403 secessione
885 3364 960 3422 opus
986 3352 1035 3404 est
