2392 3692
295 150 350 200 nn
372 149 656 201 oourmnrrorm
677 151 883 202 narratura.
992 137 1055 201 109

117 314 247 388 dicebat,
261 315 293 374 in
315 311 426 393 quibus
445 312 590 451 seriptum
610 320 686 386 erat,
700 312 733 373 C.
748 312 902 373 Manlium
921 332 1008 373 arma

116 397 236 475 cepisse
242 415 313 456 eum
327 412 440 473 magna
453 413 504 452 mu
518 392 649 454 titudine
661 394 733 454 ante
745 394 827 454 diem
840 392 891 455 VI
904 392 1009 454 kalen·

114 476 170 537 das
191 474 384 538 Novembris.
426 472 533 547 Simul,
546 472 578 533 id
597 473 678 553 quod
692 474 725 534 in
739 473 794 534 tali
808 494 842 535 re
854 472 940 547 solet,
953 473 1008 535 alii

114 564 258 635 portenta
281 566 374 635 atque
398 553 536 635 prodigia
559 553 753 627 nuntiabant,
766 554 820 614 alii
841 563 1008 615 ‹mnventus

112 636 189 709 fieri,
211 656 298 697 arma
318 636 443 715 portari,
459 634 583 714 Capuae
603 642 695 714 atque
714 634 747 694 in
761 634 878 715 Apulia
897 634 1009 697 servile
1035 636 1054 695 δ

113 717 231 777 bellum
259 717 382 778 moveri.
425 714 526 794 Igitur
551 714 649 775 senati
671 715 792 777 decreto
812 715 852 792 Q.
871 715 1007 777 Marcius

112 798 184 858 Rex
200 797 355 870 Faesulas,
370 796 409 873 Q.
424 794 568 857 Metellus
586 794 724 857 Creticus
736 796 769 855 in
783 795 931 875 Apuliam
951 796 1007 857 eir·

111 898 245 956 eumque
258 897 295 939 ea
308 876 376 939 loca
389 876 489 949 missi;
511 876 543 937 hi
558 875 678 954 utrique
699 874 737 935 ad
760 875 865 936 urbem
879 876 1005 954 imera-

109 968 193 1019 tores
228 966 326 1031 erant,
352 958 489 1037 impediti
522 977 562 1018 ne
595 956 821 1036 triumpharent
854 956 1006 1017 ealumnia

109 1059 291 1119 paucorum,
316 1037 426 1117 quibus
449 1038 552 1099 emnia
575 1037 702 1097 honesta
728 1057 748 1097 a
782 1056 819 1097 ue
846 1037 1053 1097 inhonestalb

109 1120 246 1182 vendere
267 1140 331 1180 mos
351 1128 434 1191 erat;
455 1118 506 1179 sed
527 1126 680 1198 praetores
701 1117 740 1194 Q.
789 1137 839 1179 om
876 1116 924 1177 ius
944 1116 1006 1177 Ru-

108 1200 160 1261 fiis
174 1199 324 1280 Capuam,
339 1199 379 1276 Q.
394 1198 537 1260 Metellus
551 1196 640 1259 Celer
659 1199 692 1259 in
712 1218 820 1278 agrum
868 1198 1005 1270 inenum3

108 1281 215 1359 eisque
243 1280 428 1358 permissum,
450 1279 496 1339 uti
523 1299 578 1359 pro
605 1288 667 1339 tem
707 1300 740 1340 re
759 1286 852 1358 atque
871 1278 1006 1357 periculo

108 1360 282 1421 exereitum
309 1368 527 1439 eompararent.
582 1358 636 1420 Ad
684 1380 729 1433 oe,
749 1360 775 1419 si
798 1359 865 1439 quis
891 1358 1003 1419 indica-

109 1440 205 1503 visset
229 1440 268 1501 de
290 1440 506 1519 conjuratione,
530 1460 608 1519 quae
632 1448 739 1501 eontra
762 1459 826 1500 rem
850 1437 1004 1519 publicam
1016 1437 1053 1497 15

109 1522 197 1583 faeta
220 1528 295 1593 erat,
319 1520 489 1600 praemium
514 1540 602 1582 servo
626 1519 799 1581 libertatem
818 1528 850 1581 et
868 1520 1006 1580 sestertia

110 1610 246 1675 eentum,
261 1600 357 1661 libero
371 1601 583 1681 impunitatem
603 1602 668 1681 ejus
688 1602 732 1661 rei
751 1609 783 1662 et
801 1600 939 1661 sestertia
952 1599 1005 1658 du-

110 1691 220 1755 eenta;
245 1682 377 1761 itemque
397 1681 564 1754 deerevere,
585 1682 632 1741 uti
651 1681 851 1761 gladiatoriae
871 1680 1005 1741 familiae

110 1762 252 1843 Capuam
273 1771 303 1823 et
324 1762 355 1822 in
377 1771 476 1824 eetera
497 1762 663 1841 municipia
681 1761 934 1823 distribuerentur
950 1781 1005 1839 pro

111 1844 260 1923 cujusque
287 1842 402 1922 opibus,
424 1842 540 1903 Romae
560 1864 615 1922 per
635 1851 731 1903 totam
751 1841 858 1903 urbem
878 1841 1003 1920 vigiliae
1014 1841 1052 1900 20

111 1924 309 1996 haberentur,
323 1923 424 2003 eisque
437 1923 567 1984 minores
581 1923 777 2002 magistratus
789 1930 966 2002 praoessent

154 2005 200 2066 31.
223 2003 344 2081 Quibus
356 2003 446 2065 rebus
459 2013 596 2083 permota
617 2004 724 2065 civitas
737 2012 830 2082 atque
842 2003 1005 2063 immutata

112 2084 198 2145 urbis
218 2084 310 2145 facies
330 2093 412 2157 erat;
433 2103 472 2144 ex
492 2104 612 2144 summa
631 2083 748 2145 laetitia
763 2093 855 2163 atque
871 2083 1004 2155 lascivia,

112 2185 192 2245 quae
212 2164 358 2225 diuturna
377 2164 460 2243 quies
480 2172 647 2245 pepererat,
668 2173 790 2244 repente
813 2184 915 2224 omnes
938 2164 1004 2223 tris

111 2246 184 2305 titia
203 2245 333 2317 invasit;
353 2244 505 2318 festinare,
519 2245 681 2323 trepidare,
702 2264 799 2324 neque
819 2244 885 2305 loeo
904 2264 1002 2323 neque
1013 2246 1051 2305 25

113 2325 230 2386 homini
251 2326 393 2404 cuiquam
412 2326 484 2387 satis
505 2325 745 2405 crederemque
763 2324 878 2385 bellum
891 2346 1004 2404 gerere,

112 2426 212 2485 neque
239 2426 343 2485 panem
374 2405 495 2479 babere,
522 2426 577 2466 suo
604 2406 730 2485 quisque
757 2414 838 2466 metu
867 2406 1003 2486 pericula

112 2486 223 2565 metiri.
266 2485 319 2547 Ad
332 2486 390 2547 hoe
404 2485 552 2558 mulieres,
567 2486 677 2565 quibus
698 2486 741 2546 rei
761 2485 901 2565 publicae
921 2506 1002 2566 mag-

112 2567 254 2628 nitudine
281 2565 353 2626 belli
380 2566 471 2627 timor
498 2566 636 2627 insolitus
656 2566 826 2639 ineesserat,
846 2566 1004 2628 adflictare

112 2666 314 2719 assemanus
340 2646 490 2726 supplices
513 2647 552 2707 ad
578 2646 695 2707 caelum
715 2648 846 2720 tendere,
868 2648 1003 2708 miserari
1012 2648 1052 2709 30

112 2748 224 2807 parvos
258 2726 376 2801 liberos,
404 2727 544 2806 rogitare,
572 2728 674 2787 omnia
707 2748 827 2806 pavere,
861 2726 1003 2806 superbia

113 2818 205 2887 atque
226 2806 341 2868 deliciis
361 2807 475 2867 omissis
495 2807 552 2867 sibi
572 2808 748 2887 patriaeque
769 2807 911 2868 diffidere.
958 2810 1004 2869 At

113 2887 266 2949 Catilinae
287 2887 416 2948 erudelis
436 2888 555 2947 animus
574 2887 681 2948 eadem
707 2888 764 2948 illa
790 2887 940 2961 movebat,
961 2898 1004 2949 ta·

113 2968 201 3029 metsi
215 2967 365 3047 praesidia
379 2968 567 3047 parabantur
581 2977 612 3029 et
625 2969 688 3048 ipse
701 2969 767 3048 lege
781 2967 905 3029 Plautia
914 2969 1004 3029 inter-

113 3057 238 3129 rogatus
258 3056 323 3109 erat
343 3047 384 3109 ab
404 3047 441 3109 L.
462 3047 568 3110 Paulo.
619 3050 774 3111 Postremo
794 3049 1050 3111 dissimulandi3b

113 3150 206 3191 eausa
233 3137 287 3190 aut
313 3128 361 3190 sui
387 3130 587 3209 expurgandi,
612 3130 701 3191 sicuti
724 3129 828 3210 jurgio
851 3129 1005 3190 laeessitus

112 3210 200 3282 foret,
221 3208 254 3269 in
281 3217 420 3271 senatum
447 3210 540 3271 venit.
582 3208 661 3269 Tum
682 3211 725 3270 M.
747 3209 866 3270 Tullius
890 3209 1003 3281 consul,

113 3292 178 3352 sive
205 3290 407 3369 praesentiam
434 3291 498 3369 ejus
525 3290 633 3349 timens
666 3291 731 3349 sive
757 3290 804 3347 ira
830 3298 1004 3360 commotus,

113 3370 282 3431 orationem
302 3370 412 3430 habuit
432 3368 621 3431 luculentam
641 3376 732 3443 atque
752 3366 857 3422 utilem
873 3366 917 3421 rei
930 3366 1005 3440 pub-
