2392 3692
92 64 155 128 104
376 77 602 130 1111111111
623 74 743 126 111111

137 238 185 309 sit,
200 237 257 296 nisi
271 244 387 296 nosmet
400 235 411 295 i
432 235 457 295 si
470 235 659 296 vindicamus
674 235 706 295 in
720 233 901 295 libertatem.
943 233 1028 294 Nam

138 325 296 397 postquam
310 337 356 377 res
370 255 493 395 puilica
506 316 538 374 in
553 336 718 394 paucorum
732 315 902 394 potentium
918 315 970 394 jus
984 324 1028 374 at-

138 418 196 476 que
210 397 358 457 dicionem
377 397 528 468 concessit,
543 416 661 474 semper
673 395 735 455 illis
748 416 841 475 reges,
854 395 1028 455 tetrarchae

138 477 299 556 vectigales
320 497 390 550 esse,
412 476 525 557 populi,
545 477 681 537 nationes
704 475 856 554 stipendia
877 475 1027 555 pendere;

111 559 229 619 5ccteri
250 578 361 630 omnes,
381 557 505 630 strenui,
524 556 604 630 boni,
623 555 739 616 nobiles
759 563 851 634 atque
870 554 1027 634 ignobiles,

137 640 245 718 volgus
269 637 381 698 fuimus
404 638 468 698 sine
491 637 598 716 gratia,
619 637 684 697 sine
703 637 893 708 auctoritate,
913 636 956 696 eis
977 636 1027 697 ola

138 719 232 792 noxii,
247 718 365 858 quibus,
379 719 404 778 si
424 739 471 778 res
490 716 615 798 publica
634 716 759 790 valeret,
779 717 933 777 formidini
953 737 1027 778 esse

138 820 212 860 mus.
272 807 365 877 taque
384 799 480 859 omnis
500 798 609 877 gratia,
627 798 772 878 potentia,
786 797 888 870 honos,
902 797 1027 859 divitiae

139 880 221 959 apud
242 879 309 942 illos
328 888 476 952 cuntant
497 878 550 938 ubi
570 877 618 938 illi
631 877 756 950 volunt;
777 877 864 941 nobis
877 877 1027 956 reliquere

92 959 282 1040 10pericula,
297 959 440 1038 repulsae,
457 959 582 1038 judicie,
598 967 769 1038 egestatem.
811 958 900 1034 Quae
920 979 1027 1036 quous-

138 1061 197 1120 que
230 1041 353 1101 tandem
387 1040 543 1120 patiemini
577 1039 741 1100 fortissumi
774 1038 858 1102 viri?
914 1037 1027 1099 Nonne

138 1121 232 1182 emori
252 1141 306 1200 per
325 1121 470 1181 virtutem
490 1128 625 1199 praestat
651 1140 744 1198 quam
763 1119 859 1181 vitam
886 1118 1028 1179 miseram

139 1209 231 1281 atque
257 1201 454 1273 inhonestam,
482 1200 535 1261 ubi
562 1200 678 1261 alienae
708 1221 743 1260 su
783 1198 867 1260 rbiae
893 1198 1027 1260 ludib'rio

139 1281 239 1354 fireris,
267 1302 322 1362 per
348 1281 476 1342 dedecus
503 1281 664 1342 amittere?
750 1301 835 1341 erum
862 1279 1026 1352 enimvero,

92 1363 129 1423 15
139 1383 193 1442 pro
214 1363 305 1422 deum
326 1370 416 1440 atque
437 1361 591 1422 hominum
612 1361 712 1434 fidem,
733 1360 861 1422 victoria
880 1361 913 1420 in
933 1380 1026 1420 manu

139 1442 223 1504 vobis
250 1451 303 1516 est,
331 1443 414 1521 viget
441 1449 532 1514 aetas,
559 1443 679 1502 animus
705 1441 804 1514 valet3
832 1449 939 1502 contra
965 1441 1027 1502 illis

139 1524 226 1583 annis
246 1532 337 1603 atque
357 1523 472 1584 divitiis
492 1523 593 1583 omnia
614 1530 840 1584 consenuerunt.
882 1521 1028 1582 Tantum-

139 1605 227 1665 modo
248 1605 367 1684 incepto
387 1624 461 1682 opus
481 1612 542 1675 est;
571 1611 671 1664 cetera
694 1624 741 1663 res
765 1602 914 1682 expediet.
957 1602 1027 1664 Ere

139 1685 202 1744 nim
217 1685 284 1764 quis
297 1684 480 1757 mortalium,
495 1684 544 1744 cui
560 1684 648 1744 virile
661 1683 816 1762 ingenium
829 1692 883 1755 est,
897 1683 1028 1744 tolerare

91 1767 131 1827 20
139 1773 245 1845 potest,
269 1764 329 1825 illis
357 1765 478 1826 divitias
505 1785 655 1844 superare,
680 1784 754 1842 quas
780 1764 968 1843 profundant
995 1765 1027 1823 in

139 1846 322 1907 exstruendo
356 1845 433 1905 mari
460 1853 491 1906 et
517 1845 670 1924 montibus
704 1844 913 1923 coaequandis,
940 1843 1027 1904 nobis

139 1948 202 1987 rem
222 1926 404 1987 familiarem
423 1926 514 1986 etiam
539 1926 578 1986 ad
602 1925 768 1986 necessaria
791 1926 911 1986 deesse?
953 1924 1028 1985 Illos

137 2006 225 2068 binas
252 2016 305 2067 aut
332 2005 462 2086 amplius
489 2004 591 2066 domos
619 2006 804 2077 continuare,
824 2005 911 2067 nobis
931 2005 1027 2066 larem

138 2088 318 2148 familiarem
346 2107 495 2165 nusquam
522 2085 621 2145 ullum
648 2087 730 2146 esse?
784 2084 863 2146 (lum
895 2085 1026 2159 tabulas,

92 2168 232 2248 assigna,
253 2175 424 2228 toreumata
444 2175 556 2239 emunt,
577 2187 658 2228 nova
680 2167 817 2238 diruunt,
837 2166 899 2227 alia
925 2167 1026 2227 aedifi-

139 2258 218 2322 cant,
239 2257 389 2329 postremo
417 2247 555 2308 omnibus
582 2247 678 2308 modis
704 2247 865 2327 pecuniam
888 2246 1025 2320 trahunt,

137 2338 260 2402 vexant,
275 2337 377 2389 tamen
397 2349 516 2388 summa
536 2327 672 2388 lubidine
688 2327 811 2390 divitias
824 2348 893 2388 suas
906 2327 1027 2390 vincere

140 2419 300 2488 nequeunt.
342 2408 387 2469 At
407 2409 493 2470 nobis
514 2417 558 2468 est
578 2409 660 2468 domi
679 2408 790 2487 inopia,
804 2407 876 2468 foris
892 2428 942 2468 aes
955 2407 1026 2468 alie

139 2510 222 2562 num,
244 2490 325 2550 mela
346 2509 400 2562 res,
421 2510 487 2568 spes
508 2489 606 2551 multo
625 2489 775 2569 asperior3
803 2488 932 2567 denique
951 2489 1026 2567 quid

91 2573 129 2632 30
139 2571 247 2650 reliqui
271 2570 416 2630 habemus
439 2578 559 2648 praeter
582 2570 721 2630 miseram
745 2568 900 2628 animam?
941 2569 1027 2645 Quin

138 2651 232 2730 igitur
259 2650 523 2729 expergiscimini?
564 2649 614 2710 En
642 2649 706 2722 illa,
733 2648 796 2721 illa,
820 2669 912 2728 quam
938 2669 1027 2728 saepe

139 2732 271 2810 optastis,
300 2730 432 2804 libertas,
461 2739 617 2809 praeterea
644 2730 778 2803 divitiae,
806 2728 905 2802 decus,
929 2729 1028 2808 gloria

138 2813 170 2872 in
197 2812 290 2872 oculis
317 2812 375 2872 sita
402 2821 480 2871 sunt.
522 2809 661 2871 Fortuna
684 2810 785 2872 omnia
805 2830 841 2870 ea
861 2809 1028 2873 victoribus

137 2893 271 2972 praemia
299 2892 406 2970 posuit.
464 2891 533 2965 Res,
560 2899 689 2970 tempus,
723 2888 868 2971 pericula,
901 2898 1026 2970 egestas,

91 2975 128 3033 35
137 2973 211 3034 belli
235 2972 330 3051 spolia
354 2971 514 3050 magnifica
536 2972 631 3050 magis
656 2991 747 3049 quam
771 2971 867 3034 oratio
886 2991 954 3032 mea
973 2991 1027 3033 vos

138 3052 306 3112 hortantur.
348 3051 409 3110 Vel
433 3050 614 3128 imperatore
631 3050 680 3111 vel
704 3051 799 3111 milite
819 3071 868 3112 me
888 3051 1026 3123 utimini3

138 3150 234 3207 neque
254 3130 373 3188 animus
393 3147 490 3205 neque
511 3149 619 3207 corpus
642 3150 661 3188 a
681 3129 766 3190 vobis
790 3129 897 3192 aberit.
938 3130 1027 3191 Haeo

138 3209 211 3285 ipsa,
227 3217 261 3267 ut
274 3227 369 3284 spero,
383 3205 538 3267 vobiscum
559 3227 621 3267 una
642 3208 745 3268 consul
765 3229 863 3288 agam,
877 3209 935 3271 nisi
948 3211 1027 3272 forte
