2392 3692
404 141 458 192 nr
477 139 597 193 cunno
619 141 863 195 Juqunrnruo.
1058 130 1101 194 63

162 302 275 364 indicio
337 302 448 364 tefacto
469 323 507 363 ex
528 301 665 383 perfugis
685 303 834 382 cognovit,
855 323 959 364 rursus
978 311 1054 363 tam·

161 403 255 462 quam
324 383 475 463 integrum
490 383 605 444 bellum
624 394 734 446 cuncta
754 393 842 463 parat
862 383 1053 463 festinatque.

161 463 309 535 Marium,
330 463 507 544 fatigantem
535 465 573 524 de
600 465 793 544 profectione,
812 464 903 525 simrd
923 472 954 524 et
978 465 1053 525 invi·

161 553 228 604 tum
243 552 275 604 ct
287 544 432 604 offensum
453 544 511 604 sibi
532 565 641 625 parum
661 545 802 606 idoneum
820 555 914 617 ratus,
927 545 1052 606 domum

160 624 299 684 dimittit.
341 623 384 685 Et
398 625 514 685 Romae
527 625 630 704 plebes
643 625 760 699 litteris,
773 645 852 704 quae
869 625 908 685 de
928 625 1054 686 Metello
1082 626 1101 684 5

161 724 199 765 ac
227 703 327 765 Mario
355 705 460 766 missae
487 714 583 779 erant,
604 707 733 785 cognitis
752 706 867 767 volenti
890 706 992 767 auimo
1014 705 1054 766 de
1121 759 1127 770 ,

161 783 311 845 ambobus
344 797 531 880 acceperant.
586 785 768 866 Imperatori
796 785 947 858 nobilitas,
974 805 1053 864 quae

161 873 253 958 anteq
263 865 367 959 decori
381 865 449 940 furt,
464 867 596 961 invidiae
610 887 689 939 oese;
710 876 742 927 at
761 865 807 926 illi
828 866 917 961 alteri
935 867 1053 945 generis

161 944 900 1106 zffliiddiaaffiidmniqdddrmbimseddiussdd
915 957 1101 1088 simii-310

161 1106 277 1166 derata
332 1106 493 1168 Praeterea
534 1108 666 1169 seditiosi
700 1108 895 1188 magistratus
928 1107 1052 1186 volgum

161 1187 328 1266 exagitare,
356 1187 516 1248 Metellum
546 1187 685 1249 omnibus
718 1187 912 1249 concionibus
945 1189 1052 1268 capitis

160 1287 319 1362 arcessere,
340 1268 587 1362 Marinvirtutem
611 1270 644 1329 in
669 1270 766 1363 majus
789 1269 949 1330 celebrare.
992 1268 1051 1328 De

159 1347 689 1523 rastrorumque
709 1349 849 1525 tuto
862 1359 1099 1503 tumet

159 1508 1052 1670 tlttttttttttttttfflttttttmttfflttffi

159 1670 321 1731 nobilitate
354 1679 421 1750 post
455 1670 567 1732 multus
600 1680 791 1751 tempestates
824 1693 903 1733 novo
936 1672 1051 1732 homini

160 1750 335 1812 consulatus
362 1751 542 1824 mandatum
563 1760 593 1812 et
614 1761 717 1833 postea
736 1751 866 1832 populus
889 1772 909 1812 a
929 1752 1051 1812 tribuno

160 1830 258 1912 plebis
272 1830 306 1892 T.
322 1831 439 1892 Manlio
458 1831 604 1894 Mancino
624 1842 756 1912 rogatus,
770 1853 860 1911 quem
874 1832 966 1893 vellet
980 1853 1049 1894 cum
1061 1834 1100 1893 20

159 1911 318 1992 Jugurtha
345 1911 459 1972 bellum
486 1933 597 1992 gerere,
626 1914 767 1993 frequens
794 1913 928 1974 Marium
951 1914 1050 1993 jussit.

159 1991 221 2053 Sed
241 1991 334 2072 paulo
360 2001 431 2053 ante
457 2003 579 2056 senatus
603 1993 781 2055 Numidiam
805 1994 932 2055 Metello
951 1995 1051 2056 decre

159 2082 264 2135 verat:
286 2093 322 2134 ea
336 2093 382 2134 res
395 2073 510 2135 frustra
523 2074 590 2134 fuit.

97 2183 100 2189 ·
200 2153 248 2216 ⁷4.
282 2153 397 2215 Eodem
432 2163 566 2234 tempore
600 2154 758 2235 Jugurtha
790 2155 905 2216 amissis
937 2156 1050 2229 amicis,

159 2255 290 2313 quorum
311 2233 469 2314 plerosque
489 2235 552 2314 ipse
572 2245 744 2308 necaverat,
765 2237 858 2297 ceteri
878 2237 1048 2310 formidine,
1059 2237 1098 2296 25

159 2335 230 2394 pars
258 2315 298 2374 ad
326 2313 487 2388 Romanos,
515 2315 568 2375 alii
595 2317 634 2376 ad
662 2337 762 2396 regem
797 2316 954 2378 Bocchum
984 2338 1049 2397 pro

159 2395 310 2475 fugerant,
332 2416 402 2457 oum
422 2415 520 2474 neque
540 2395 655 2456 bellum
682 2399 747 2476 geri
773 2398 837 2458 sine
864 2397 1049 2460 administris

158 2484 258 2555 posset
277 2485 307 2536 et
327 2495 474 2537 novorum
495 2476 586 2538 fidem
606 2478 639 2536 in
658 2488 746 2539 tanta
767 2478 893 2556 perfidia
913 2487 1050 2539 veterum

128 2615 129 2618 ,
159 2555 293 2636 experiri
324 2555 524 2634 periculosum
559 2557 692 2631 duceret,
720 2560 823 2620 varius
857 2559 1049 2639 incertusque

159 2635 305 2716 agitabat.
347 2636 454 2716 Neque
473 2637 519 2697 illi
538 2659 584 2698 res
603 2660 700 2718 neque
721 2640 878 2700 consilium
900 2648 954 2700 aut
972 2641 1050 2719 quis
1059 2641 1098 2700 30

160 2737 251 2796 quam
266 2717 422 2778 hominum
436 2718 509 2779 satis
522 2719 680 2798 placebat;
700 2720 812 2781 itinera
825 2720 1049 2800 praefectosque

159 2797 191 2856 in
219 2797 282 2858 dies
310 2807 436 2871 mutare,
461 2799 549 2860 modo
577 2800 740 2861 advorsum
768 2800 875 2873 hostes,
896 2801 1049 2862 interdum

159 2878 191 2937 in
211 2878 388 2939 solitudines
409 2899 541 2960 pergere,
556 2900 645 2960 saepe
665 2881 697 2940 in
718 2881 792 2959 fuga
812 2901 849 2942 ac
869 2891 937 2976 post
956 2883 1048 2961 paulo

159 2958 191 3017 in
218 2959 310 3020 armis
337 2979 420 3039 spem
447 2959 576 3032 habere;
605 2961 754 3034 dubitare,
775 2962 884 3023 virtuti
911 2982 951 3022 an
979 2963 1049 3024 fidei

160 3038 352 3119 popularium
374 3041 472 3100 minus
494 3041 644 3102 erederet:
669 3042 722 3114 ita,
743 3063 933 3122 quocumque
953 3043 1096 3104 imon-35

159 3119 255 3192 derat,
269 3140 316 3180 res
335 3120 480 3182 advorsae
499 3131 595 3182 erant.
637 3121 697 3182 Sed
717 3123 797 3184 inter
816 3143 866 3183 eus
887 3143 985 3184 moras
1005 3144 1048 3183 re

197 3209 250 3261 nte
270 3221 332 3261 sese
353 3201 495 3262 Metellus
516 3223 586 3262 cum
606 3203 742 3263 exercitu
761 3203 900 3264 ostendit.
942 3202 1048 3263 Numi·

180 3300 216 3341 ae
236 3280 276 3341 ab
297 3279 455 3359 Jugurtha
475 3303 529 3360 pro
550 3291 612 3341 tem
653 3303 685 3341 re
705 3283 804 3360 parati
831 3283 1047 3359 instructique3

160 3359 231 3422 dein
244 3361 393 3442 proelium
407 3361 561 3439 incipitur.
605 3302 677 3434 gira
694 3361 726 3418 in
745 3369 832 3436 parte
851 3381 907 3418 rex
928 3379 1048 3435 pugnae
