<?xml version="1.0" encoding="UTF-8"?>
<!DOCTYPE html PUBLIC "-//W3C//DTD XHTML 1.0 Transitional//EN"
    "http://www.w3.org/TR/xhtml1/DTD/xhtml1-transitional.dtd">
<html xmlns="http://www.w3.org/1999/xhtml" xml:lang="en" lang="en">
 <head>
  <title>
</title>
<meta http-equiv="Content-Type" content="text/html;charset=utf-8" />
  <meta name='ocr-system' content='tesseract 3.04.00' />
  <meta name='ocr-capabilities' content='ocr_page ocr_carea ocr_par ocr_line ocrx_word'/>
</head>
<body>
  <div class='ocr_page' id='page_1' title='image "./csallusticrispi00stuagoog_0078.png"; bbox 0 0 2392 3692; ppageno 0'>
   <div class='ocr_carea' id='block_1_1' title="bbox 119 138 778 206">
    <p class='ocr_par' dir='ltr' id='par_1_1' title="bbox 119 138 778 206">
     <span class='ocr_line' id='line_1_1' title="bbox 119 138 778 206; baseline -0.003 -1"><span class='ocrx_word' id='word_1_1' title='bbox 119 138 161 206; x_wconf 82' lang='lat'>70</span> <span class='ocrx_word' id='word_1_2' title='bbox 406 153 431 204; x_wconf 87' lang='lat' dir='ltr'>c.</span> <span class='ocrx_word' id='word_1_3' title='bbox 452 151 634 203; x_wconf 67' lang='lat' dir='ltr'>sarrusrr</span> <span class='ocrx_word' id='word_1_4' title='bbox 655 151 778 203; x_wconf 80' lang='lat' dir='ltr'>oarsrr</span> 
     </span>
    </p>
   </div>
   <div class='ocr_carea' id='block_1_2' title="bbox 31 312 1100 3454">
    <p class='ocr_par' dir='ltr' id='par_1_2' title="bbox 165 312 1062 473">
     <span class='ocr_line' id='line_1_2' title="bbox 165 312 1062 394; baseline 0.004 -20"><span class='ocrx_word' id='word_1_5' title='bbox 165 312 256 375; x_wconf 90' lang='lat' dir='ltr'>simul</span> <span class='ocrx_word' id='word_1_6' title='bbox 283 322 313 374; x_wconf 90' lang='lat' dir='ltr'>et</span> <span class='ocrx_word' id='word_1_7' title='bbox 340 312 539 386; x_wconf 83' lang='lat' dir='ltr'>nobilitatem,</span> <span class='ocrx_word' id='word_1_8' title='bbox 563 312 610 372; x_wconf 92' lang='lat' dir='ltr'>uti</span> <span class='ocrx_word' id='word_1_9' title='bbox 637 321 842 386; x_wconf 85' lang='lat' dir='ltr'>consueverat,</span> <span class='ocrx_word' id='word_1_10' title='bbox 869 315 1062 394; x_wconf 82' lang='lat' dir='ltr'>exagitandi,</span> 
     </span>
     <span class='ocr_line' id='line_1_3' title="bbox 166 393 1062 473; baseline 0.004 -17"><span class='ocrx_word' id='word_1_11' title='bbox 166 394 339 456; x_wconf 91' lang='lat' dir='ltr'>concionem</span> <span class='ocrx_word' id='word_1_12' title='bbox 355 393 461 473; x_wconf 94' lang='lat' dir='ltr'>populi</span> <span class='ocrx_word' id='word_1_13' title='bbox 481 393 651 455; x_wconf 86' lang='lat' dir='ltr'>advocavit.</span> <span class='ocrx_word' id='word_1_14' title='bbox 693 393 813 454; x_wconf 80' lang='lat' dir='ltr'>Deinde</span> <span class='ocrx_word' id='word_1_15' title='bbox 826 393 884 455; x_wconf 93' lang='lat' dir='ltr'>hoc</span> <span class='ocrx_word' id='word_1_16' title='bbox 898 397 987 457; x_wconf 89' lang='lat' dir='ltr'>modo</span> <span class='ocrx_word' id='word_1_17' title='bbox 1000 399 1062 460; x_wconf 72' lang='lat' dir='ltr'>dis</span> 
     </span>
    </p>

    <p class='ocr_par' dir='ltr' id='par_1_3' title="bbox 31 475 1100 3454">
     <span class='ocr_line' id='line_1_4' title="bbox 131 475 277 536; baseline 0 0"><span class='ocrx_word' id='word_1_18' title='bbox 131 517 132 520; x_wconf 55' lang='lat'><em>=</em></span> <span class='ocrx_word' id='word_1_19' title='bbox 165 475 277 536; x_wconf 91' lang='lat' dir='ltr'>seruit:</span> 
     </span>
     <span class='ocr_line' id='line_1_5' title="bbox 208 553 1061 634; baseline 0.004 -18"><span class='ocrx_word' id='word_1_20' title='bbox 208 557 256 617; x_wconf 78' lang='lat' dir='ltr'>st.</span> <span class='ocrx_word' id='word_1_21' title='bbox 286 554 382 616; x_wconf 82' lang='lat' dir='ltr'>“Scio</span> <span class='ocrx_word' id='word_1_22' title='bbox 408 575 472 634; x_wconf 88' lang='lat' dir='ltr'>eg0,</span> <span class='ocrx_word' id='word_1_23' title='bbox 501 554 646 631; x_wconf 74' lang='lat' dir='ltr'>Quirites,</span> <span class='ocrx_word' id='word_1_24' title='bbox 674 553 830 634; x_wconf 89' lang='lat' dir='ltr'>plerosque</span> <span class='ocrx_word' id='word_1_25' title='bbox 857 575 918 616; x_wconf 92' lang='lat' dir='ltr'>non</span> <span class='ocrx_word' id='word_1_26' title='bbox 944 557 1061 619; x_wconf 91' lang='lat' dir='ltr'>eisdem</span> 
     </span>
     <span class='ocr_line' id='line_1_6' title="bbox 138 633 1060 717; baseline 0.003 -21"><span class='ocrx_word' id='word_1_27' title='bbox 138 635 282 697; x_wconf 79' lang='lat' dir='ltr'>bartibus</span> <span class='ocrx_word' id='word_1_28' title='bbox 316 635 478 714; x_wconf 88' lang='lat' dir='ltr'>imperium</span> <span class='ocrx_word' id='word_1_29' title='bbox 511 655 530 694; x_wconf 90' lang='lat' dir='ltr'>a</span> <span class='ocrx_word' id='word_1_30' title='bbox 564 633 650 695; x_wconf 93' lang='lat' dir='ltr'>vobis</span> <span class='ocrx_word' id='word_1_31' title='bbox 684 642 787 714; x_wconf 90' lang='lat' dir='ltr'>petere</span> <span class='ocrx_word' id='word_1_32' title='bbox 823 644 863 709; x_wconf 93' lang='lat' dir='ltr'>et,</span> <span class='ocrx_word' id='word_1_33' title='bbox 896 646 1060 717; x_wconf 89' lang='lat' dir='ltr'>postquam</span> 
     </span>
     <span class='ocr_line' id='line_1_7' title="bbox 166 714 1059 796; baseline 0.002 -19"><span class='ocrx_word' id='word_1_34' title='bbox 166 716 269 794; x_wconf 84' lang='lat' dir='ltr'>adepti</span> <span class='ocrx_word' id='word_1_35' title='bbox 302 724 381 790; x_wconf 90' lang='lat' dir='ltr'>sunt,</span> <span class='ocrx_word' id='word_1_36' title='bbox 410 735 530 794; x_wconf 90' lang='lat' dir='ltr'>gerere;</span> <span class='ocrx_word' id='word_1_37' title='bbox 565 715 664 794; x_wconf 89' lang='lat' dir='ltr'>primo</span> <span class='ocrx_word' id='word_1_38' title='bbox 696 714 869 790; x_wconf 89' lang='lat' dir='ltr'>industrios,</span> <span class='ocrx_word' id='word_1_39' title='bbox 896 719 1059 796; x_wconf 86' lang='lat' dir='ltr'>supplices,</span> 
     </span>
     <span class='ocr_line' id='line_1_8' title="bbox 166 795 1061 876; baseline 0.004 -20"><span class='ocrx_word' id='word_1_40' title='bbox 166 797 298 858; x_wconf 91' lang='lat' dir='ltr'>modicos</span> <span class='ocrx_word' id='word_1_41' title='bbox 311 817 381 870; x_wconf 89' lang='lat' dir='ltr'>esse,</span> <span class='ocrx_word' id='word_1_42' title='bbox 397 797 467 856; x_wconf 95' lang='lat' dir='ltr'>dein</span> <span class='ocrx_word' id='word_1_43' title='bbox 488 815 542 875; x_wconf 91' lang='lat' dir='ltr'>per</span> <span class='ocrx_word' id='word_1_44' title='bbox 562 795 716 875; x_wconf 86' lang='lat' dir='ltr'>ignaviam</span> <span class='ocrx_word' id='word_1_45' title='bbox 737 805 768 857; x_wconf 91' lang='lat' dir='ltr'>et</span> <span class='ocrx_word' id='word_1_46' title='bbox 787 796 960 876; x_wconf 78' lang='lat' dir='ltr'>superbiam</span> <span class='ocrx_word' id='word_1_47' title='bbox 976 809 1061 860; x_wconf 86' lang='lat' dir='ltr'>aeta-</span> 
     </span>
     <span class='ocr_line' id='line_1_9' title="bbox 165 876 1060 959; baseline 0.004 -21"><span class='ocrx_word' id='word_1_48' title='bbox 165 887 227 938; x_wconf 91' lang='lat' dir='ltr'>tem</span> <span class='ocrx_word' id='word_1_49' title='bbox 248 898 344 956; x_wconf 87' lang='lat' dir='ltr'>agere.</span> <span class='ocrx_word' id='word_1_50' title='bbox 386 876 445 937; x_wconf 83' lang='lat' dir='ltr'>Sed</span> <span class='ocrx_word' id='word_1_51' title='bbox 465 876 541 935; x_wconf 91' lang='lat' dir='ltr'>mihi</span> <span class='ocrx_word' id='word_1_52' title='bbox 562 883 668 936; x_wconf 91' lang='lat' dir='ltr'>contra</span> <span class='ocrx_word' id='word_1_53' title='bbox 688 896 724 937; x_wconf 89' lang='lat' dir='ltr'>ea</span> <span class='ocrx_word' id='word_1_54' title='bbox 743 877 881 938; x_wconf 85' lang='lat' dir='ltr'>videtur:</span> <span class='ocrx_word' id='word_1_55' title='bbox 902 897 974 938; x_wconf 90' lang='lat' dir='ltr'>nam</span> <span class='ocrx_word' id='word_1_56' title='bbox 995 901 1060 959; x_wconf 94' lang='lat' dir='ltr'>quo</span> 
     </span>
     <span class='ocr_line' id='line_1_10' title="bbox 165 954 1060 1038; baseline 0.004 -20"><span class='ocrx_word' id='word_1_57' title='bbox 165 959 261 1038; x_wconf 87' lang='lat' dir='ltr'>pluris</span> <span class='ocrx_word' id='word_1_58' title='bbox 275 967 318 1019; x_wconf 90' lang='lat' dir='ltr'>est</span> <span class='ocrx_word' id='word_1_59' title='bbox 333 958 476 1019; x_wconf 88' lang='lat' dir='ltr'>univorsa</span> <span class='ocrx_word' id='word_1_60' title='bbox 490 977 536 1017; x_wconf 91' lang='lat' dir='ltr'>res</span> <span class='ocrx_word' id='word_1_61' title='bbox 554 954 679 1034; x_wconf 89' lang='lat' dir='ltr'>publica</span> <span class='ocrx_word' id='word_1_62' title='bbox 696 978 787 1036; x_wconf 88' lang='lat' dir='ltr'>quam</span> <span class='ocrx_word' id='word_1_63' title='bbox 809 957 982 1020; x_wconf 90' lang='lat' dir='ltr'>consulatus</span> <span class='ocrx_word' id='word_1_64' title='bbox 1000 970 1060 1022; x_wconf 90' lang='lat' dir='ltr'>aut</span> 
     </span>
     <span class='ocr_line' id='line_1_11' title="bbox 120 1037 1059 1118; baseline 0.001 -19"><span class='ocrx_word' id='word_1_65' title='bbox 120 1041 319 1118; x_wconf 85' lang='lat' dir='ltr'>lllpraetura,</span> <span class='ocrx_word' id='word_1_66' title='bbox 341 1059 375 1099; x_wconf 92' lang='lat' dir='ltr'>eo</span> <span class='ocrx_word' id='word_1_67' title='bbox 396 1038 508 1118; x_wconf 88' lang='lat' dir='ltr'>majore</span> <span class='ocrx_word' id='word_1_68' title='bbox 530 1056 604 1098; x_wconf 87' lang='lat' dir='ltr'>cura</span> <span class='ocrx_word' id='word_1_69' title='bbox 625 1037 710 1098; x_wconf 91' lang='lat' dir='ltr'>illam</span> <span class='ocrx_word' id='word_1_70' title='bbox 737 1038 943 1099; x_wconf 88' lang='lat' dir='ltr'>administrari</span> <span class='ocrx_word' id='word_1_71' title='bbox 962 1060 1059 1118; x_wconf 90' lang='lat' dir='ltr'>quam</span> 
     </span>
     <span class='ocr_line' id='line_1_12' title="bbox 31 1116 1058 1198; baseline 0.001 -18"><span class='ocrx_word' id='word_1_72' title='bbox 31 1127 34 1133; x_wconf 87' lang='lat'>&#39;</span> <span class='ocrx_word' id='word_1_73' title='bbox 166 1120 241 1180; x_wconf 89' lang='lat' dir='ltr'>haec</span> <span class='ocrx_word' id='word_1_74' title='bbox 261 1119 325 1198; x_wconf 90' lang='lat' dir='ltr'>peti</span> <span class='ocrx_word' id='word_1_75' title='bbox 346 1118 462 1179; x_wconf 90' lang='lat' dir='ltr'>debere.</span> <span class='ocrx_word' id='word_1_76' title='bbox 504 1116 612 1196; x_wconf 89' lang='lat' dir='ltr'>Neque</span> <span class='ocrx_word' id='word_1_77' title='bbox 632 1138 681 1179; x_wconf 93' lang='lat' dir='ltr'>me</span> <span class='ocrx_word' id='word_1_78' title='bbox 700 1118 790 1192; x_wconf 86' lang='lat' dir='ltr'>fallit,</span> <span class='ocrx_word' id='word_1_79' title='bbox 811 1128 960 1198; x_wconf 90' lang='lat' dir='ltr'>quantum</span> <span class='ocrx_word' id='word_1_80' title='bbox 984 1141 1058 1181; x_wconf 88' lang='lat' dir='ltr'>cum</span> 
     </span>
     <span class='ocr_line' id='line_1_13' title="bbox 167 1197 1059 1278; baseline 0.001 -18"><span class='ocrx_word' id='word_1_81' title='bbox 167 1220 311 1260; x_wconf 87' lang='lat' dir='ltr'>maxumo</span> <span class='ocrx_word' id='word_1_82' title='bbox 325 1197 468 1260; x_wconf 90' lang='lat' dir='ltr'>beneficio</span> <span class='ocrx_word' id='word_1_83' title='bbox 483 1207 584 1259; x_wconf 89' lang='lat' dir='ltr'>vostro</span> <span class='ocrx_word' id='word_1_84' title='bbox 598 1199 699 1278; x_wconf 90' lang='lat' dir='ltr'>negoti</span> <span class='ocrx_word' id='word_1_85' title='bbox 718 1200 889 1260; x_wconf 83' lang='lat' dir='ltr'>sustineam.</span> <span class='ocrx_word' id='word_1_86' title='bbox 932 1200 1059 1262; x_wconf 91' lang='lat' dir='ltr'>Bellum</span> 
     </span>
     <span class='ocr_line' id='line_1_14' title="bbox 166 1279 1059 1374; baseline 0.001 -34"><span class='ocrx_word' id='word_1_87' title='bbox 166 1301 275 1361; x_wconf 89' lang='lat' dir='ltr'>parare</span> <span class='ocrx_word' id='word_1_88' title='bbox 295 1280 385 1340; x_wconf 89' lang='lat' dir='ltr'>simul</span> <span class='ocrx_word' id='word_1_89' title='bbox 406 1287 436 1339; x_wconf 91' lang='lat' dir='ltr'>et</span> <span class='ocrx_word' id='word_1_90' title='bbox 457 1279 573 1339; x_wconf 88' lang='lat' dir='ltr'>aerario</span> <span class='ocrx_word' id='word_1_91' title='bbox 593 1299 725 1359; x_wconf 82' lang='lat' dir='ltr'>parcere,</span> <span class='ocrx_word' id='word_1_92' title='bbox 740 1300 846 1374; x_wconf 84' lang='lat' dir='ltr'>cogere</span> <span class='ocrx_word' id='word_1_93' title='bbox 859 1280 899 1340; x_wconf 88' lang='lat' dir='ltr'>ad</span> <span class='ocrx_word' id='word_1_94' title='bbox 914 1282 1059 1342; x_wconf 89' lang='lat' dir='ltr'>militiam</span> 
     </span>
     <span class='ocr_line' id='line_1_15' title="bbox 165 1359 1059 1440; baseline 0.001 -18"><span class='ocrx_word' id='word_1_95' title='bbox 165 1383 223 1435; x_wconf 91' lang='lat' dir='ltr'>eos,</span> <span class='ocrx_word' id='word_1_96' title='bbox 246 1381 319 1440; x_wconf 88' lang='lat' dir='ltr'>quos</span> <span class='ocrx_word' id='word_1_97' title='bbox 346 1359 424 1421; x_wconf 85' lang='lat' dir='ltr'>nolis</span> <span class='ocrx_word' id='word_1_98' title='bbox 448 1360 606 1433; x_wconf 88' lang='lat' dir='ltr'>offendere,</span> <span class='ocrx_word' id='word_1_99' title='bbox 628 1360 709 1421; x_wconf 94' lang='lat' dir='ltr'>domi</span> <span class='ocrx_word' id='word_1_100' title='bbox 731 1360 863 1440; x_wconf 85' lang='lat' dir='ltr'>fonsque</span> <span class='ocrx_word' id='word_1_101' title='bbox 884 1362 986 1422; x_wconf 88' lang='lat' dir='ltr'>omnia</span> <span class='ocrx_word' id='word_1_102' title='bbox 1004 1384 1059 1423; x_wconf 91' lang='lat' dir='ltr'>cu·</span> 
     </span>
     <span class='ocr_line' id='line_1_16' title="bbox 120 1441 1059 1520; baseline 0 -17"><span class='ocrx_word' id='word_1_103' title='bbox 120 1445 242 1515; x_wconf 82' lang='lat' dir='ltr'>lbrare,</span> <span class='ocrx_word' id='word_1_104' title='bbox 264 1450 294 1502; x_wconf 91' lang='lat' dir='ltr'>et</span> <span class='ocrx_word' id='word_1_105' title='bbox 315 1461 350 1502; x_wconf 89' lang='lat' dir='ltr'>ea</span> <span class='ocrx_word' id='word_1_106' title='bbox 371 1461 464 1520; x_wconf 89' lang='lat' dir='ltr'>agere.</span> <span class='ocrx_word' id='word_1_107' title='bbox 487 1441 565 1501; x_wconf 90' lang='lat' dir='ltr'>inter</span> <span class='ocrx_word' id='word_1_108' title='bbox 585 1441 712 1514; x_wconf 88' lang='lat' dir='ltr'>invidos,</span> <span class='ocrx_word' id='word_1_109' title='bbox 733 1450 932 1514; x_wconf 79' lang='lat' dir='ltr'>occursantes,</span> <span class='ocrx_word' id='word_1_110' title='bbox 953 1443 1059 1504; x_wconf 77' lang='lat' dir='ltr'>factio</span> 
     </span>
     <span class='ocr_line' id='line_1_17' title="bbox 165 1521 1059 1602; baseline 0 -18"><span class='ocrx_word' id='word_1_111' title='bbox 165 1544 220 1596; x_wconf 89' lang='lat' dir='ltr'>sos,</span> <span class='ocrx_word' id='word_1_112' title='bbox 235 1522 383 1602; x_wconf 83' lang='lat' dir='ltr'>opinione,</span> <span class='ocrx_word' id='word_1_113' title='bbox 399 1521 542 1598; x_wconf 75' lang='lat' dir='ltr'>Quirites,</span> <span class='ocrx_word' id='word_1_114' title='bbox 557 1521 691 1601; x_wconf 91' lang='lat' dir='ltr'>asperius</span> <span class='ocrx_word' id='word_1_115' title='bbox 710 1530 763 1582; x_wconf 88' lang='lat' dir='ltr'>est.</span> <span class='ocrx_word' id='word_1_116' title='bbox 804 1521 857 1582; x_wconf 88' lang='lat' dir='ltr'>Ad</span> <span class='ocrx_word' id='word_1_117' title='bbox 875 1522 942 1594; x_wconf 93' lang='lat' dir='ltr'>hoc,</span> <span class='ocrx_word' id='word_1_118' title='bbox 957 1523 1009 1583; x_wconf 89' lang='lat' dir='ltr'>alii</span> <span class='ocrx_word' id='word_1_119' title='bbox 1029 1526 1059 1585; x_wconf 91' lang='lat' dir='ltr'>si</span> 
     </span>
     <span class='ocr_line' id='line_1_18' title="bbox 166 1601 1058 1684; baseline -0.002 -18"><span class='ocrx_word' id='word_1_120' title='bbox 166 1604 328 1684; x_wconf 87' lang='lat' dir='ltr'>deliquere,</span> <span class='ocrx_word' id='word_1_121' title='bbox 355 1611 443 1664; x_wconf 86' lang='lat' dir='ltr'>vetus</span> <span class='ocrx_word' id='word_1_122' title='bbox 476 1601 627 1676; x_wconf 84' lang='lat' dir='ltr'>nobilitas,</span> <span class='ocrx_word' id='word_1_123' title='bbox 656 1602 805 1682; x_wconf 90' lang='lat' dir='ltr'>majorum</span> <span class='ocrx_word' id='word_1_124' title='bbox 838 1602 929 1663; x_wconf 84' lang='lat' dir='ltr'>fortia</span> <span class='ocrx_word' id='word_1_125' title='bbox 963 1603 1058 1678; x_wconf 86' lang='lat' dir='ltr'>facta,</span> 
     </span>
     <span class='ocr_line' id='line_1_19' title="bbox 166 1682 1058 1764; baseline -0.001 -18"><span class='ocrx_word' id='word_1_126' title='bbox 166 1693 363 1764; x_wconf 90' lang='lat' dir='ltr'>cognatorum</span> <span class='ocrx_word' id='word_1_127' title='bbox 394 1692 424 1744; x_wconf 89' lang='lat' dir='ltr'>et</span> <span class='ocrx_word' id='word_1_128' title='bbox 459 1683 606 1744; x_wconf 88' lang='lat' dir='ltr'>adfinium</span> <span class='ocrx_word' id='word_1_129' title='bbox 640 1703 719 1762; x_wconf 88' lang='lat' dir='ltr'>opes,</span> <span class='ocrx_word' id='word_1_130' title='bbox 746 1682 862 1743; x_wconf 89' lang='lat' dir='ltr'>multae</span> <span class='ocrx_word' id='word_1_131' title='bbox 889 1682 1058 1759; x_wconf 83' lang='lat' dir='ltr'>clientelae,</span> 
     </span>
     <span class='ocr_line' id='line_1_20' title="bbox 166 1763 1058 1845; baseline 0.001 -20"><span class='ocrx_word' id='word_1_132' title='bbox 166 1766 267 1826; x_wconf 89' lang='lat' dir='ltr'>omnia</span> <span class='ocrx_word' id='word_1_133' title='bbox 291 1766 366 1826; x_wconf 89' lang='lat' dir='ltr'>haec</span> <span class='ocrx_word' id='word_1_134' title='bbox 390 1764 538 1845; x_wconf 89' lang='lat' dir='ltr'>praesidio</span> <span class='ocrx_word' id='word_1_135' title='bbox 564 1763 691 1824; x_wconf 86' lang='lat' dir='ltr'>adsunt:</span> <span class='ocrx_word' id='word_1_136' title='bbox 720 1763 795 1823; x_wconf 90' lang='lat' dir='ltr'>mihi</span> <span class='ocrx_word' id='word_1_137' title='bbox 815 1783 881 1842; x_wconf 90' lang='lat' dir='ltr'>spes</span> <span class='ocrx_word' id='word_1_138' title='bbox 901 1784 1002 1825; x_wconf 91' lang='lat' dir='ltr'>omnes</span> <span class='ocrx_word' id='word_1_139' title='bbox 1021 1766 1058 1826; x_wconf 90' lang='lat' dir='ltr'>in</span> 
     </span>
     <span class='ocr_line' id='line_1_21' title="bbox 118 1843 1059 1925; baseline -0.002 -16"><span class='ocrx_word' id='word_1_140' title='bbox 118 1849 157 1909; x_wconf 81' lang='lat'>20</span> <span class='ocrx_word' id='word_1_141' title='bbox 166 1855 276 1906; x_wconf 90' lang='lat' dir='ltr'>memet</span> <span class='ocrx_word' id='word_1_142' title='bbox 296 1846 380 1919; x_wconf 88' lang='lat' dir='ltr'>sitae,</span> <span class='ocrx_word' id='word_1_143' title='bbox 401 1865 475 1925; x_wconf 91' lang='lat' dir='ltr'>quas</span> <span class='ocrx_word' id='word_1_144' title='bbox 499 1864 617 1906; x_wconf 88' lang='lat' dir='ltr'>necesse</span> <span class='ocrx_word' id='word_1_145' title='bbox 636 1852 681 1904; x_wconf 89' lang='lat' dir='ltr'>est</span> <span class='ocrx_word' id='word_1_146' title='bbox 700 1843 815 1906; x_wconf 87' lang='lat' dir='ltr'>virtute</span> <span class='ocrx_word' id='word_1_147' title='bbox 833 1853 865 1904; x_wconf 89' lang='lat' dir='ltr'>et</span> <span class='ocrx_word' id='word_1_148' title='bbox 884 1844 1059 1907; x_wconf 88' lang='lat' dir='ltr'>innocentia</span> 
     </span>
     <span class='ocr_line' id='line_1_22' title="bbox 164 1923 1058 2005; baseline 0 -18"><span class='ocrx_word' id='word_1_149' title='bbox 164 1927 277 2000; x_wconf 89' lang='lat' dir='ltr'>tutari;</span> <span class='ocrx_word' id='word_1_150' title='bbox 304 1948 375 1987; x_wconf 92' lang='lat' dir='ltr'>nam</span> <span class='ocrx_word' id='word_1_151' title='bbox 397 1927 458 1987; x_wconf 91' lang='lat' dir='ltr'>alia</span> <span class='ocrx_word' id='word_1_152' title='bbox 478 1924 598 1986; x_wconf 88' lang='lat' dir='ltr'>infirma</span> <span class='ocrx_word' id='word_1_153' title='bbox 618 1933 697 1985; x_wconf 87' lang='lat' dir='ltr'>sunt.</span> <span class='ocrx_word' id='word_1_154' title='bbox 739 1923 782 1985; x_wconf 86' lang='lat' dir='ltr'>Et</span> <span class='ocrx_word' id='word_1_155' title='bbox 805 1925 882 1985; x_wconf 91' lang='lat' dir='ltr'>illud</span> <span class='ocrx_word' id='word_1_156' title='bbox 903 1925 1058 2005; x_wconf 88' lang='lat' dir='ltr'>intellego,</span> 
     </span>
     <span class='ocr_line' id='line_1_23' title="bbox 166 2007 1058 2085; baseline 0 -18"><span class='ocrx_word' id='word_1_157' title='bbox 166 2007 311 2085; x_wconf 71' lang='lat' dir='ltr'>Quirites,</span> <span class='ocrx_word' id='word_1_158' title='bbox 331 2008 465 2068; x_wconf 90' lang='lat' dir='ltr'>omnium</span> <span class='ocrx_word' id='word_1_159' title='bbox 486 2028 540 2068; x_wconf 91' lang='lat' dir='ltr'>ora</span> <span class='ocrx_word' id='word_1_160' title='bbox 559 2007 591 2066; x_wconf 94' lang='lat' dir='ltr'>in</span> <span class='ocrx_word' id='word_1_161' title='bbox 612 2026 661 2067; x_wconf 93' lang='lat' dir='ltr'>me</span> <span class='ocrx_word' id='word_1_162' title='bbox 681 2025 827 2067; x_wconf 89' lang='lat' dir='ltr'>convorsa</span> <span class='ocrx_word' id='word_1_163' title='bbox 846 2025 925 2079; x_wconf 89' lang='lat' dir='ltr'>esse;</span> <span class='ocrx_word' id='word_1_164' title='bbox 946 2027 1058 2085; x_wconf 86' lang='lat' dir='ltr'>aequos</span> 
     </span>
     <span class='ocr_line' id='line_1_24' title="bbox 166 2085 1058 2168; baseline -0.001 -18"><span class='ocrx_word' id='word_1_165' title='bbox 166 2089 318 2168; x_wconf 88' lang='lat' dir='ltr'>bonosque</span> <span class='ocrx_word' id='word_1_166' title='bbox 331 2089 443 2160; x_wconf 87' lang='lat' dir='ltr'>favere,</span> <span class='ocrx_word' id='word_1_167' title='bbox 457 2088 568 2168; x_wconf 89' lang='lat' dir='ltr'>quippe</span> <span class='ocrx_word' id='word_1_168' title='bbox 582 2107 651 2146; x_wconf 88' lang='lat' dir='ltr'>mea</span> <span class='ocrx_word' id='word_1_169' title='bbox 663 2085 739 2146; x_wconf 91' lang='lat' dir='ltr'>bene</span> <span class='ocrx_word' id='word_1_170' title='bbox 753 2086 835 2146; x_wconf 82' lang='lat' dir='ltr'>facta</span> <span class='ocrx_word' id='word_1_171' title='bbox 852 2087 897 2146; x_wconf 90' lang='lat' dir='ltr'>rei</span> <span class='ocrx_word' id='word_1_172' title='bbox 915 2086 1058 2166; x_wconf 90' lang='lat' dir='ltr'>publicae</span> 
     </span>
     <span class='ocr_line' id='line_1_25' title="bbox 165 2167 1056 2249; baseline 0 -20"><span class='ocrx_word' id='word_1_173' title='bbox 165 2171 342 2249; x_wconf 89' lang='lat' dir='ltr'>procedunt,</span> <span class='ocrx_word' id='word_1_174' title='bbox 366 2169 555 2229; x_wconf 89' lang='lat' dir='ltr'>nobilitatem</span> <span class='ocrx_word' id='word_1_175' title='bbox 583 2168 684 2228; x_wconf 90' lang='lat' dir='ltr'>locum</span> <span class='ocrx_word' id='word_1_176' title='bbox 711 2167 876 2227; x_wconf 85' lang='lat' dir='ltr'>invadendi</span> <span class='ocrx_word' id='word_1_177' title='bbox 903 2188 1056 2246; x_wconf 77' lang='lat' dir='ltr'>quaerere</span> 
     </span>
     <span class='ocr_line' id='line_1_26' title="bbox 118 2247 1100 2328; baseline 0 -16"><span class='ocrx_word' id='word_1_178' title='bbox 118 2251 236 2328; x_wconf 74' lang='lat' dir='ltr'>25Qu0</span> <span class='ocrx_word' id='word_1_179' title='bbox 264 2251 340 2310; x_wconf 92' lang='lat' dir='ltr'>mihi</span> <span class='ocrx_word' id='word_1_180' title='bbox 367 2250 465 2310; x_wconf 91' lang='lat' dir='ltr'>acrius</span> <span class='ocrx_word' id='word_1_181' title='bbox 492 2249 691 2309; x_wconf 86' lang='lat' dir='ltr'>adnitendum</span> <span class='ocrx_word' id='word_1_182' title='bbox 717 2257 770 2321; x_wconf 88' lang='lat' dir='ltr'>est,</span> <span class='ocrx_word' id='word_1_183' title='bbox 799 2247 845 2307; x_wconf 93' lang='lat' dir='ltr'>uti</span> <span class='ocrx_word' id='word_1_184' title='bbox 877 2268 974 2326; x_wconf 85' lang='lat' dir='ltr'>neque</span> <span class='ocrx_word' id='word_1_185' title='bbox 1001 2270 1057 2313; x_wconf 85' lang='lat' dir='ltr'>vos</span> <span class='ocrx_word' id='word_1_186' title='bbox 1096 2323 1100 2326; x_wconf 36' lang='grc'>,</span> 
     </span>
     <span class='ocr_line' id='line_1_27' title="bbox 166 2327 1058 2410; baseline -0.002 -18"><span class='ocrx_word' id='word_1_187' title='bbox 166 2331 328 2410; x_wconf 89' lang='lat' dir='ltr'>capiamini</span> <span class='ocrx_word' id='word_1_188' title='bbox 348 2339 379 2391; x_wconf 91' lang='lat' dir='ltr'>et</span> <span class='ocrx_word' id='word_1_189' title='bbox 400 2330 446 2390; x_wconf 93' lang='lat' dir='ltr'>illi</span> <span class='ocrx_word' id='word_1_190' title='bbox 466 2329 580 2389; x_wconf 88' lang='lat' dir='ltr'>frustra</span> <span class='ocrx_word' id='word_1_191' title='bbox 600 2329 669 2389; x_wconf 90' lang='lat' dir='ltr'>sint.</span> <span class='ocrx_word' id='word_1_192' title='bbox 710 2328 761 2388; x_wconf 91' lang='lat' dir='ltr'>Ita</span> <span class='ocrx_word' id='word_1_193' title='bbox 779 2328 818 2388; x_wconf 90' lang='lat' dir='ltr'>ad</span> <span class='ocrx_word' id='word_1_194' title='bbox 837 2327 895 2389; x_wconf 93' lang='lat' dir='ltr'>hoc</span> <span class='ocrx_word' id='word_1_195' title='bbox 915 2329 1021 2390; x_wconf 87' lang='lat' dir='ltr'>aetatis</span> <span class='ocrx_word' id='word_1_196' title='bbox 1035 2351 1058 2390; x_wconf 90' lang='lat' dir='ltr'>a</span> 
     </span>
     <span class='ocr_line' id='line_1_28' title="bbox 165 2407 1057 2491; baseline -0.002 -19"><span class='ocrx_word' id='word_1_197' title='bbox 165 2413 296 2491; x_wconf 91' lang='lat' dir='ltr'>pueritia</span> <span class='ocrx_word' id='word_1_198' title='bbox 310 2412 364 2485; x_wconf 82' lang='lat' dir='ltr'>fui,</span> <span class='ocrx_word' id='word_1_199' title='bbox 379 2411 424 2471; x_wconf 94' lang='lat' dir='ltr'>uti</span> <span class='ocrx_word' id='word_1_200' title='bbox 445 2431 546 2471; x_wconf 91' lang='lat' dir='ltr'>omnes</span> <span class='ocrx_word' id='word_1_201' title='bbox 567 2408 685 2470; x_wconf 88' lang='lat' dir='ltr'>labores</span> <span class='ocrx_word' id='word_1_202' title='bbox 705 2417 735 2470; x_wconf 91' lang='lat' dir='ltr'>et</span> <span class='ocrx_word' id='word_1_203' title='bbox 756 2407 893 2488; x_wconf 90' lang='lat' dir='ltr'>pericula</span> <span class='ocrx_word' id='word_1_204' title='bbox 913 2419 1057 2471; x_wconf 90' lang='lat' dir='ltr'>consueta</span> 
     </span>
     <span class='ocr_line' id='line_1_29' title="bbox 165 2489 1057 2569; baseline -0.001 -17"><span class='ocrx_word' id='word_1_205' title='bbox 165 2492 302 2553; x_wconf 91' lang='lat' dir='ltr'>habeam.</span> <span class='ocrx_word' id='word_1_206' title='bbox 345 2491 434 2568; x_wconf 70' lang='lat' dir='ltr'>Quae</span> <span class='ocrx_word' id='word_1_207' title='bbox 454 2500 525 2552; x_wconf 89' lang='lat' dir='ltr'>ante</span> <span class='ocrx_word' id='word_1_208' title='bbox 543 2499 645 2553; x_wconf 88' lang='lat' dir='ltr'>vostra</span> <span class='ocrx_word' id='word_1_209' title='bbox 665 2489 811 2550; x_wconf 89' lang='lat' dir='ltr'>beneficia</span> <span class='ocrx_word' id='word_1_210' title='bbox 830 2490 964 2569; x_wconf 86' lang='lat' dir='ltr'>gratuito</span> <span class='ocrx_word' id='word_1_211' title='bbox 983 2491 1057 2552; x_wconf 83' lang='lat' dir='ltr'>faci-</span> 
     </span>
     <span class='ocr_line' id='line_1_30' title="bbox 165 2570 1056 2652; baseline -0.001 -19"><span class='ocrx_word' id='word_1_212' title='bbox 165 2572 262 2645; x_wconf 89' lang='lat' dir='ltr'>ebam,</span> <span class='ocrx_word' id='word_1_213' title='bbox 276 2593 312 2634; x_wconf 90' lang='lat' dir='ltr'>ea</span> <span class='ocrx_word' id='word_1_214' title='bbox 331 2574 376 2633; x_wconf 93' lang='lat' dir='ltr'>uti</span> <span class='ocrx_word' id='word_1_215' title='bbox 396 2580 520 2652; x_wconf 89' lang='lat' dir='ltr'>accepta</span> <span class='ocrx_word' id='word_1_216' title='bbox 541 2571 678 2631; x_wconf 91' lang='lat' dir='ltr'>mercede</span> <span class='ocrx_word' id='word_1_217' title='bbox 696 2570 839 2643; x_wconf 85' lang='lat' dir='ltr'>deseram,</span> <span class='ocrx_word' id='word_1_218' title='bbox 854 2591 915 2632; x_wconf 95' lang='lat' dir='ltr'>non</span> <span class='ocrx_word' id='word_1_219' title='bbox 929 2580 973 2632; x_wconf 90' lang='lat' dir='ltr'>est</span> <span class='ocrx_word' id='word_1_220' title='bbox 986 2592 1056 2632; x_wconf 92' lang='lat' dir='ltr'>con-</span> 
     </span>
     <span class='ocr_line' id='line_1_31' title="bbox 117 2650 1057 2731; baseline -0.003 -15"><span class='ocrx_word' id='word_1_221' title='bbox 117 2655 156 2716; x_wconf 85' lang='lat'>30</span> <span class='ocrx_word' id='word_1_222' title='bbox 165 2654 276 2726; x_wconf 88' lang='lat' dir='ltr'>silium,</span> <span class='ocrx_word' id='word_1_223' title='bbox 301 2653 445 2731; x_wconf 75' lang='lat' dir='ltr'>Quirites.</span> <span class='ocrx_word' id='word_1_224' title='bbox 488 2651 555 2712; x_wconf 90' lang='lat' dir='ltr'>Illis</span> <span class='ocrx_word' id='word_1_225' title='bbox 583 2651 705 2712; x_wconf 91' lang='lat' dir='ltr'>difficile</span> <span class='ocrx_word' id='word_1_226' title='bbox 732 2660 776 2711; x_wconf 77' lang='lat' dir='ltr'>est</span> <span class='ocrx_word' id='word_1_227' title='bbox 800 2650 833 2712; x_wconf 90' lang='lat' dir='ltr'>in</span> <span class='ocrx_word' id='word_1_228' title='bbox 895 2652 1057 2714; x_wconf 89' lang='lat' dir='ltr'>testatibus</span> 
     </span>
     <span class='ocr_line' id='line_1_32' title="bbox 165 2732 1056 2813; baseline -0.004 -18"><span class='ocrx_word' id='word_1_229' title='bbox 165 2745 341 2812; x_wconf 88' lang='lat' dir='ltr'>temperare,</span> <span class='ocrx_word' id='word_1_230' title='bbox 361 2734 412 2813; x_wconf 92' lang='lat' dir='ltr'>qui</span> <span class='ocrx_word' id='word_1_231' title='bbox 432 2754 487 2813; x_wconf 93' lang='lat' dir='ltr'>per</span> <span class='ocrx_word' id='word_1_232' title='bbox 507 2732 702 2792; x_wconf 90' lang='lat' dir='ltr'>ambitionem</span> <span class='ocrx_word' id='word_1_233' title='bbox 722 2751 784 2793; x_wconf 88' lang='lat' dir='ltr'>sese</span> <span class='ocrx_word' id='word_1_234' title='bbox 804 2752 863 2810; x_wconf 47' lang='lat' dir='ltr'>pro,</span> <span class='ocrx_word' id='word_1_235' title='bbox 882 2753 913 2792; x_wconf 87' lang='lat' dir='ltr'>os</span> <span class='ocrx_word' id='word_1_236' title='bbox 932 2732 1056 2793; x_wconf 90' lang='lat' dir='ltr'>simula-</span> 
     </span>
     <span class='ocr_line' id='line_1_33' title="bbox 165 2812 1056 2892; baseline -0.001 -17"><span class='ocrx_word' id='word_1_237' title='bbox 165 2835 252 2887; x_wconf 84' lang='lat' dir='ltr'>vere3</span> <span class='ocrx_word' id='word_1_238' title='bbox 273 2814 357 2886; x_wconf 91' lang='lat' dir='ltr'>mihi,</span> <span class='ocrx_word' id='word_1_239' title='bbox 371 2815 424 2892; x_wconf 86' lang='lat' dir='ltr'>qui</span> <span class='ocrx_word' id='word_1_240' title='bbox 444 2833 563 2874; x_wconf 92' lang='lat' dir='ltr'>omnem</span> <span class='ocrx_word' id='word_1_241' title='bbox 584 2821 714 2872; x_wconf 88' lang='lat' dir='ltr'>aetatem</span> <span class='ocrx_word' id='word_1_242' title='bbox 736 2813 768 2872; x_wconf 90' lang='lat' dir='ltr'>in</span> <span class='ocrx_word' id='word_1_243' title='bbox 786 2812 917 2891; x_wconf 88' lang='lat' dir='ltr'>optumis</span> <span class='ocrx_word' id='word_1_244' title='bbox 937 2812 1056 2874; x_wconf 86' lang='lat' dir='ltr'>artibus</span> 
     </span>
     <span class='ocr_line' id='line_1_34' title="bbox 164 2893 1055 2975; baseline -0.002 -20"><span class='ocrx_word' id='word_1_245' title='bbox 164 2896 221 2975; x_wconf 88' lang='lat' dir='ltr'>egi,</span> <span class='ocrx_word' id='word_1_246' title='bbox 240 2894 316 2955; x_wconf 93' lang='lat' dir='ltr'>bene</span> <span class='ocrx_word' id='word_1_247' title='bbox 343 2895 442 2954; x_wconf 82' lang='lat' dir='ltr'>facere</span> <span class='ocrx_word' id='word_1_248' title='bbox 464 2895 529 2973; x_wconf 90' lang='lat' dir='ltr'>jam</span> <span class='ocrx_word' id='word_1_249' title='bbox 553 2913 592 2952; x_wconf 83' lang='lat' dir='ltr'>ex</span> <span class='ocrx_word' id='word_1_250' title='bbox 617 2893 832 2953; x_wconf 90' lang='lat' dir='ltr'>consuetudine</span> <span class='ocrx_word' id='word_1_251' title='bbox 855 2893 887 2952; x_wconf 93' lang='lat' dir='ltr'>in</span> <span class='ocrx_word' id='word_1_252' title='bbox 911 2902 1055 2954; x_wconf 88' lang='lat' dir='ltr'>naturam</span> 
     </span>
     <span class='ocr_line' id='line_1_35' title="bbox 164 2973 1054 3054; baseline -0.004 -16"><span class='ocrx_word' id='word_1_253' title='bbox 164 2975 266 3038; x_wconf 89' lang='lat' dir='ltr'>vortit.</span> <span class='ocrx_word' id='word_1_254' title='bbox 308 2974 431 3034; x_wconf 90' lang='lat' dir='ltr'>Bellum</span> <span class='ocrx_word' id='word_1_255' title='bbox 452 2994 500 3033; x_wconf 92' lang='lat' dir='ltr'>me</span> <span class='ocrx_word' id='word_1_256' title='bbox 519 2993 623 3051; x_wconf 86' lang='lat' dir='ltr'>gerere</span> <span class='ocrx_word' id='word_1_257' title='bbox 647 2994 716 3033; x_wconf 92' lang='lat' dir='ltr'>cum</span> <span class='ocrx_word' id='word_1_258' title='bbox 740 2973 898 3053; x_wconf 85' lang='lat' dir='ltr'>Jugurtha</span> <span class='ocrx_word' id='word_1_259' title='bbox 915 2974 1054 3054; x_wconf 89' lang='lat' dir='ltr'>jussistis,</span> 
     </span>
     <span class='ocr_line' id='line_1_36' title="bbox 118 3054 1054 3136; baseline -0.003 -19"><span class='ocrx_word' id='word_1_260' title='bbox 118 3059 156 3117; x_wconf 84' lang='lat'>35</span> <span class='ocrx_word' id='word_1_261' title='bbox 165 3077 257 3136; x_wconf 90' lang='lat' dir='ltr'>quam</span> <span class='ocrx_word' id='word_1_262' title='bbox 271 3076 334 3116; x_wconf 95' lang='lat' dir='ltr'>rem</span> <span class='ocrx_word' id='word_1_263' title='bbox 349 3055 492 3114; x_wconf 87' lang='lat' dir='ltr'>nobilitas</span> <span class='ocrx_word' id='word_1_264' title='bbox 512 3074 688 3133; x_wconf 87' lang='lat' dir='ltr'>aegerrume</span> <span class='ocrx_word' id='word_1_265' title='bbox 701 3054 782 3115; x_wconf 91' lang='lat' dir='ltr'>tulit.</span> <span class='ocrx_word' id='word_1_266' title='bbox 823 3054 952 3131; x_wconf 75' lang='lat' dir='ltr'>Quaeso,</span> <span class='ocrx_word' id='word_1_267' title='bbox 966 3075 1054 3134; x_wconf 91' lang='lat' dir='ltr'>repu-</span> 
     </span>
     <span class='ocr_line' id='line_1_37' title="bbox 164 3135 1054 3208; baseline -0.003 -10"><span class='ocrx_word' id='word_1_268' title='bbox 164 3146 227 3198; x_wconf 89' lang='lat' dir='ltr'>tate</span> <span class='ocrx_word' id='word_1_269' title='bbox 248 3157 317 3197; x_wconf 93' lang='lat' dir='ltr'>cum</span> <span class='ocrx_word' id='word_1_270' title='bbox 338 3136 446 3196; x_wconf 89' lang='lat' dir='ltr'>animis</span> <span class='ocrx_word' id='word_1_271' title='bbox 459 3135 575 3206; x_wconf 88' lang='lat' dir='ltr'>vostris,</span> <span class='ocrx_word' id='word_1_272' title='bbox 590 3155 665 3194; x_wconf 90' lang='lat' dir='ltr'>num</span> <span class='ocrx_word' id='word_1_273' title='bbox 686 3135 717 3194; x_wconf 94' lang='lat' dir='ltr'>id</span> <span class='ocrx_word' id='word_1_274' title='bbox 738 3144 857 3195; x_wconf 91' lang='lat' dir='ltr'>mutare</span> <span class='ocrx_word' id='word_1_275' title='bbox 877 3135 984 3195; x_wconf 91' lang='lat' dir='ltr'>melius</span> <span class='ocrx_word' id='word_1_276' title='bbox 1003 3136 1054 3208; x_wconf 91' lang='lat' dir='ltr'>sit,</span> 
     </span>
     <span class='ocr_line' id='line_1_38' title="bbox 164 3214 1054 3295; baseline 0 -19"><span class='ocrx_word' id='word_1_277' title='bbox 164 3217 189 3276; x_wconf 89' lang='lat' dir='ltr'>si</span> <span class='ocrx_word' id='word_1_278' title='bbox 210 3235 300 3295; x_wconf 91' lang='lat' dir='ltr'>quem</span> <span class='ocrx_word' id='word_1_279' title='bbox 320 3237 359 3276; x_wconf 86' lang='lat' dir='ltr'>ex</span> <span class='ocrx_word' id='word_1_280' title='bbox 380 3216 435 3275; x_wconf 91' lang='lat' dir='ltr'>illo</span> <span class='ocrx_word' id='word_1_281' title='bbox 455 3214 545 3292; x_wconf 91' lang='lat' dir='ltr'>globo</span> <span class='ocrx_word' id='word_1_282' title='bbox 565 3215 732 3274; x_wconf 87' lang='lat' dir='ltr'>nobilitatis</span> <span class='ocrx_word' id='word_1_283' title='bbox 753 3215 792 3275; x_wconf 87' lang='lat' dir='ltr'>ad</span> <span class='ocrx_word' id='word_1_284' title='bbox 813 3215 870 3275; x_wconf 92' lang='lat' dir='ltr'>hoc</span> <span class='ocrx_word' id='word_1_285' title='bbox 894 3224 948 3276; x_wconf 92' lang='lat' dir='ltr'>aut</span> <span class='ocrx_word' id='word_1_286' title='bbox 967 3215 1054 3277; x_wconf 91' lang='lat' dir='ltr'>aliud</span> 
     </span>
     <span class='ocr_line' id='line_1_39' title="bbox 164 3295 1056 3374; baseline 0.003 -19"><span class='ocrx_word' id='word_1_287' title='bbox 164 3296 226 3356; x_wconf 89' lang='lat' dir='ltr'>tale</span> <span class='ocrx_word' id='word_1_288' title='bbox 250 3297 403 3374; x_wconf 90' lang='lat' dir='ltr'>negotium</span> <span class='ocrx_word' id='word_1_289' title='bbox 428 3295 563 3365; x_wconf 89' lang='lat' dir='ltr'>mittatis,</span> <span class='ocrx_word' id='word_1_290' title='bbox 589 3295 741 3354; x_wconf 90' lang='lat' dir='ltr'>hominem</span> <span class='ocrx_word' id='word_1_291' title='bbox 765 3296 874 3356; x_wconf 89' lang='lat' dir='ltr'>veteris</span> <span class='ocrx_word' id='word_1_292' title='bbox 897 3317 986 3374; x_wconf 88' lang='lat' dir='ltr'>prosa</span> <span class='ocrx_word' id='word_1_293' title='bbox 1007 3298 1056 3358; x_wconf 85' lang='lat' dir='ltr'>iae</span> 
     </span>
     <span class='ocr_line' id='line_1_40' title="bbox 165 3374 1054 3454; baseline 0.003 -18"><span class='ocrx_word' id='word_1_294' title='bbox 165 3395 201 3436; x_wconf 89' lang='lat' dir='ltr'>ac</span> <span class='ocrx_word' id='word_1_295' title='bbox 215 3375 381 3436; x_wconf 90' lang='lat' dir='ltr'>multarum</span> <span class='ocrx_word' id='word_1_296' title='bbox 399 3375 567 3453; x_wconf 90' lang='lat' dir='ltr'>imaginum</span> <span class='ocrx_word' id='word_1_297' title='bbox 587 3382 618 3434; x_wconf 93' lang='lat' dir='ltr'>et</span> <span class='ocrx_word' id='word_1_298' title='bbox 637 3374 752 3435; x_wconf 90' lang='lat' dir='ltr'>nullius</span> <span class='ocrx_word' id='word_1_299' title='bbox 771 3375 918 3454; x_wconf 89' lang='lat' dir='ltr'>stipendi:</span> <span class='ocrx_word' id='word_1_300' title='bbox 973 3377 1054 3439; x_wconf 82' lang='lat' dir='ltr'>&#39;‘cet</span> 
     </span>
    </p>
   </div>
   <div class='ocr_carea' id='block_1_3' title="bbox 0 0 1200 3692">
    <p class='ocr_par' dir='ltr' id='par_1_4' title="bbox 0 0 1200 3692">
     <span class='ocr_line' id='line_1_41' title="bbox 0 0 1200 3692; baseline 0 1"><span class='ocrx_word' id='word_1_301' title='bbox 0 0 1200 3692; x_wconf 95' lang='lat' dir='ltr'> </span> 
     </span>
    </p>
   </div>
   <div class='ocr_carea' id='block_1_4' title="bbox 1190 955 1201 3158">
    <p class='ocr_par' dir='ltr' id='par_1_5' title="bbox 1190 955 1201 3158">
     <span class='ocr_line' id='line_1_42' title="bbox 1190 955 1201 3158; baseline 0 0"><span class='ocrx_word' id='word_1_302' title='bbox 1190 955 1201 3158; x_wconf 95' lang='lat' dir='ltr'> </span> 
     </span>
    </p>
   </div>
  </div>
 </body>
</html>
