2392 3692
314 175 369 227 oc
392 176 673 229 consummem
695 174 904 228 canterma
1015 159 1078 226 127

138 332 276 393 Manlius
291 332 462 413 Torquatus
480 333 561 395 bello
579 332 701 395 Gallico
720 332 817 393 filium
837 352 936 405 suum,
949 332 1032 411 quod

137 413 163 475 is
189 422 295 474 eontra
321 414 481 494 imperinm
505 415 537 474 in
562 414 677 474 hostem
705 422 905 493 pugnaverat,
929 412 1031 473 necari

139 494 241 573 jussit,
262 503 354 573 atque
378 494 430 556 ille
453 495 590 574 egregius
615 494 791 554 adulescens
815 492 1030 554 immoderatae

138 574 327 634 fortitudinis
341 584 436 635 morte
450 595 560 655 poenas
574 575 667 635 dedit.
710 574 774 635 Vos
795 574 832 634 de
853 572 1029 635 crudelissu-

138 655 196 716 mis
210 653 369 733 parricidis
381 655 456 734 quid
469 656 610 716 statuatis
630 655 837 716 cunctamini?
878 652 1032 715 Videlicet
1060 654 1079 713 5

139 743 241 795 cetera
253 734 319 797 vita
341 756 445 795 eorum
465 736 537 797 huic
551 736 655 797 sceleri
676 734 784 795 obstat.
826 734 944 795 Verum
965 754 1032 812 par·

139 814 200 875 cite
224 815 367 894 dignitati
392 816 526 888 Lentuli,
547 817 572 876 si
599 816 663 895 ipse
690 814 863 895 pudicitiae,
883 814 909 874 si
933 814 1032 875 famae

139 915 222 969 suae,
240 896 265 955 si
286 896 331 956 dis
352 906 406 956 aut
426 896 598 956 hominibus
623 916 768 975 umquam
793 894 865 954 ullis
888 894 1030 973 pepercit

140 975 291 1055 Ignoscite
312 975 437 1056 Cethegi
458 976 689 1048 adulescentiae,
703 976 762 1036 nisi
783 975 894 1035 iterum
914 975 1032 1053 patriae

140 1055 256 1117 bellum
279 1056 358 1117 fecit.
400 1056 482 1117 Nam
506 1057 580 1136 quid
601 1078 657 1136 ego
680 1056 718 1116 de
738 1054 880 1128 Gabinio,
901 1053 1031 1128 Statilio,
1041 1054 1080 1113 10

140 1134 288 1215 Caepario
315 1137 443 1216 loquar?
497 1137 618 1214 Quibus
644 1137 670 1197 si
697 1137 858 1217 quiequam
886 1155 939 1195 um
960 1156 1031 1195 uam

140 1217 226 1297 pensi
247 1217 359 1290 fuisset
374 1238 435 1278 non
455 1238 491 1278 ea
511 1218 637 1279 consilia
656 1217 694 1278 de
714 1238 747 1277 re
767 1216 892 1297 publica
912 1215 953 1275 ha
974 1217 1031 1275 uis-

140 1305 217 1358 sent.
272 1297 436 1371 Postremo,
470 1307 571 1378 patres
605 1298 773 1377 conscripti,
801 1297 827 1357 si
861 1296 1032 1357 mehercule

140 1387 265 1457 peccato
280 1377 362 1439 loeus
376 1388 459 1451 esset,
475 1378 563 1439 facile
584 1388 703 1458 paterer
716 1399 770 1439 vos
784 1378 849 1457 ipsa
863 1397 896 1437 re
910 1377 1029 1456 corrigi,

140 1458 284 1538 quoniam
312 1458 405 1520 verba
432 1459 639 1532 contemnitis;
665 1458 718 1519 sed
745 1458 879 1537 undique
906 1456 1079 1518 circum-15

140 1539 226 1600 venti
239 1559 350 1599 sumus.
392 1538 526 1601 Catilina
540 1561 610 1600 cum
624 1540 759 1601 exercitu
774 1537 913 1600 faucibus
926 1547 1031 1616 urget;

140 1619 194 1680 alii
215 1618 297 1680 intra
316 1620 435 1680 moenia
454 1629 546 1699 atque
565 1621 606 1679 in.
619 1621 686 1680 sinu
710 1620 795 1680 urbis
818 1627 889 1680 sunt
913 1618 1029 1690 hostes;

140 1720 239 1779 neque
253 1700 355 1779 parari
369 1721 466 1779 neque
480 1701 596 1762 consuli
610 1700 772 1780 quicquam
785 1708 883 1779 potest
897 1698 1030 1760 occulte:

141 1800 202 1861 quo
216 1780 312 1859 magis
325 1782 549 1875 properandum
569 1790 622 1841 est.
664 1781 769 1858 Quare
783 1801 838 1875 ego
852 1780 897 1841 ita
911 1801 1031 1842 censeo:

141 1881 212 1921 cum
236 1860 352 1921 nefano
376 1862 499 1922 consilio
522 1862 734 1923 sceleratorum
756 1862 870 1924 civium
891 1881 938 1922 res
958 1860 1032 1940 pub
1041 1860 1080 1918 20

141 1940 203 2001 lica
225 1941 259 2001 in
284 1962 429 2002 maxuma
450 1942 586 2022 pericula
607 1942 732 2015 venerit,
754 1941 846 2021 hique
866 1942 978 2002 indicio
996 1941 1030 2001 Τ.

141 2020 285 2083 Volturci
298 2031 328 2083 et
342 2022 370 2083 le
411 2032 510 2083 torum
525 2023 655 2083 Allobro
697 2043 728 2082 m
750 2024 881 2084 convicti
896 2022 1031 2083 confessi-

141 2122 200 2181 que
228 2102 288 2162 sint
389 2124 445 2176 em,
474 2104 613 2165 incendia
640 2104 761 2183 aiaque
781 2124 813 2164 se
833 2103 922 2163 foeda
942 2111 1032 2181 atque

141 2182 278 2244 crudelia
298 2182 434 2244 facinora
454 2184 485 2245 in
507 2185 586 2246 cives
607 2184 798 2264 patriamque
819 2183 980 2262 paravisse,
995 2183 1032 2242 de

142 2262 291 2336 confessis,
301 2263 391 2323 sicuti
405 2264 442 2325 de
456 2265 622 2326 manifestis
635 2285 737 2325 rerum
753 2262 939 2343 capitalium,
950 2282 1033 2323 more
1042 2262 1080 2320 25

141 2344 292 2422 majorum
306 2344 487 2423 supplicium
505 2345 719 2406 sumundum.''
921 2362 925 2369 ’

182 2424 231 2487 53.
267 2423 432 2504 Postquam
466 2424 542 2487 Cato
576 2426 701 2498 adsedit,
731 2424 901 2486 consulares
932 2444 1033 2485 omnes

141 2503 275 2583 itemque
301 2513 422 2565 senatus
449 2526 560 2586 magna
586 2527 657 2587 pars
680 2506 860 2566 sententiam
882 2506 946 2585 ejus
970 2505 1033 2564 lau-

142 2584 226 2657 dant,
241 2584 387 2647 virtutem
401 2586 493 2646 animi
508 2588 548 2647 ad
562 2587 680 2649 caelum
695 2586 806 2658 ferunt,
821 2585 873 2645 alii
894 2586 969 2647 alios
989 2586 1033 2645 in-

143 2673 300 2743 crepantes
314 2666 434 2728 timidos
448 2676 567 2740 vocant,
582 2666 659 2727 Cato
674 2666 775 2727 clarus
794 2675 886 2745 atque
906 2686 1034 2745 magnus
1043 2664 1081 2722 30

142 2745 282 2818 habetur,
306 2747 402 2807 senati
430 2748 584 2809 decretum
608 2748 652 2818 fit,
677 2748 766 2808 sicuti
790 2746 842 2807 ille
866 2756 1031 2808 censuerat.

143 2825 202 2886 Sed
223 2826 299 2886 mihi
320 2826 417 2888 multa
438 2828 558 2909 legenti,
573 2828 671 2888 multa
691 2828 835 2901 audienti,
849 2830 1033 2908 quae'popu·

143 2905 191 2966 lus
219 2906 375 2969 Romanus
403 2909 484 2969 domi
510 2908 705 2988 militiaeque,
730 2909 807 2969 mari
834 2918 926 2987 atque
952 2918 1034 2970 terra

144 2986 301 3065 praeclara
321 2988 457 3050 facinora
476 2990 556 3063 feeit,
571 2989 649 3050 forte
663 2989 763 3049 lubuit
777 2990 941 3062 attendere,
957 3008 1035 3067 quae

144 3088 191 3127 res
217 3088 362 3130 maxume
388 3079 475 3130 tanta
502 3071 623 3149 negotia
649 3070 844 3131 sustinuisset.
896 3068 1033 3131 Sciebam
1043 3065 1081 3124 35

143 3168 358 3228 saepenumero
385 3171 481 3228 parva
508 3172 600 3211 manu
628 3172 696 3212 cum
726 3150 842 3229 magnis
865 3148 1034 3229 legionibus

144 3228 277 3289 hostium
313 3231 515 3303 contendisse;
557 3252 756 3309 cognoveram
797 3232 900 3308 parvis
940 3228 1033 3306 copiis

144 3307 227 3370 bella
253 3319 338 3389 gesta
365 3331 434 3371 cum
462 3311 612 3389 opulentis
639 3310 767 3387 regibus,
795 3309 834 3367 ad
863 3310 919 3367 hoo
946 3328 1034 3383 saepe

145 3389 285 3451 fortunae
312 3390 488 3451 violentiam
516 3389 697 3458 toleravisse,
722 3385 866 3444 facundia
892 3384 1037 3466 Graecos,¹
