2392 3692
375 151 429 202 nu
447 150 568 201 antro
589 149 834 202 Juuoarrrruo.
1029 129 1073 200 tt·

131 313 201 374 loca
228 311 369 390 aequalia
396 319 426 370 et
453 309 536 370 nuda
559 308 749 389 gignentium
773 317 883 369 ventus
907 316 1026 369 coortus

132 412 259 470 arenam
282 392 375 452 humo
399 390 555 463 excitavit,
580 411 617 450 ea
640 409 752 468 magna
774 389 806 450 vi
833 389 949 468 agitata
972 409 1027 450 ora

133 472 297 550 oculosque
324 471 450 550 implere
480 469 574 542 solet;
610 471 654 530 ita
687 478 846 549 prospectu
880 469 1025 549 impedito

133 553 248 614 morari
273 553 338 613 iter.
380 551 544 630 Postquam
569 550 755 630 Cyrenenses
780 549 939 628 aliquanto
962 571 1026 628 pos

132 635 259 695 teriores
280 653 311 692 se
331 653 392 693 esse
412 631 518 694 vident
542 639 573 691 et
596 631 635 691 ob
659 651 723 691 rem
746 640 920 710 corruptam
943 629 1025 690 domi
1055 631 1073 689 5

133 733 247 794 poenas
281 721 429 784 metuunt,
465 711 620 773 criminari
654 710 917 791 Carthaginienses
953 719 1025 771 unte

134 805 256 874 tempus
283 793 372 854 domo
398 793 554 872 digressos,
579 791 761 854 conturbare
789 812 871 863 rem;
897 791 1027 869 deniqne

135 875 240 935 omnia
267 873 357 934 malle
384 893 476 952 quam
502 873 577 934 victi
604 872 697 933 abire.
748 872 808 933 Sed
836 892 905 932 cum
933 871 1027 932 Poeni

135 956 231 1016 aliam
252 954 466 1026 condicionem,
487 953 697 1014 tantummodo
723 972 860 1032 aequam,
881 961 1027 1031 peterent,

135 1035 248 1096 Graeci
273 1035 424 1113 optionem
448 1033 745 1113 Carthaginiensium
768 1033 894 1105 fuciunt,
919 1042 954 1092 ut
977 1031 1076 1092 vc110

136 1116 194 1188 illi,
215 1135 290 1194 quos
310 1114 383 1174 fines
403 1114 515 1194 populo
535 1135 589 1174 suo
608 1122 755 1193 peterent,
776 1112 819 1174 ibi
840 1113 903 1175 vivi
923 1112 1028 1173 obrue

135 1205 254 1268 rentur,
275 1195 324 1257 vel
349 1195 455 1255 eadem
479 1194 654 1256 condicione
674 1215 745 1266 sese,
766 1214 856 1273 quem
876 1194 908 1253 in
929 1193 1028 1254 locum

135 1276 263 1348 vellent,
291 1296 486 1355 proosssnros.
528 1275 669 1335 Philaeni
700 1274 874 1336 condicione
901 1274 1030 1353 probata

135 1377 230 1436 seque
244 1356 399 1435 vitamque
419 1376 505 1416 suam
519 1355 718 1435 reipublicae
738 1356 964 1416 condonavere:
985 1355 1030 1415 ita

135 1437 204 1500 vivi
231 1436 341 1497 obruti.
370 1435 646 1515 ¹Carthaginienses
669 1436 702 1495 in
725 1456 761 1496 eo
785 1434 851 1496 loco
873 1435 1028 1495 Philaenis
1040 1435 1077 1494 15

136 1517 286 1578 fratribus
297 1537 365 1577 aras
376 1537 596 1590 consecravere,
607 1516 720 1596 aliique
734 1515 795 1576 illis
808 1515 890 1576 domi
903 1516 1031 1576 honorcs

136 1597 281 1658 instituti.
323 1596 415 1658 Nunc
428 1597 468 1657 ad
482 1618 546 1658 rem
560 1596 658 1658 redeo.

181 1678 232 1740 80.
254 1676 411 1757 Jugurtha
430 1687 590 1756 postquam
610 1678 719 1738 amissa
739 1676 838 1737 Thala
857 1675 935 1737 nihil
959 1677 1030 1737 satis

137 1760 264 1820 firmum
286 1767 391 1819 contra
410 1757 569 1819 Metellum
590 1766 689 1837 putat,
709 1778 763 1837 per
784 1777 909 1836 magnas
929 1758 1031 1818 solitu-

137 1840 225 1900 dines
249 1839 444 1918 campaneis
468 1838 629 1918 profectus,
650 1839 788 1917 pervenit
811 1839 851 1898 ad
875 1837 1030 1909 Gaetulos,
1041 1836 1079 1896 20

137 1941 235 2000 genus
259 1919 416 1980 hominurn
440 1919 538 1980 ferum
562 1919 772 1999 incultumque
791 1927 822 1980 et
842 1939 878 1979 eo
897 1927 1032 1997 tempore

137 2003 282 2080 ignarum
309 1999 437 2060 nominis
465 2000 603 2060 Romani
660 1999 776 2060 Eorum
803 1999 1030 2059 multitudinem

137 2083 174 2143 in
195 2101 290 2140 unum
311 2081 391 2160 cogit
411 2101 448 2141 ac
468 2079 618 2160 paulatim
637 2080 820 2141 consuefacit
840 2080 960 2140 ordines
981 2079 1032 2138 ha·
1126 2117 1128 2122 -
1163 2087 1165 2091 '

138 2163 221 2233 bere,
249 2161 335 2241 signa
362 2161 455 2241 sequi,
482 2160 645 2240 imperium
672 2160 841 2233 observare,
869 2161 941 2220 item
969 2159 1031 2220 alia

138 2241 288 2304 militaria
302 2241 408 2302 facere.
451 2241 613 2302 Praeterea
633 2241 712 2320 regis
732 2241 847 2302 Bocchi
869 2261 1031 2320 proxumos
1041 2240 1079 2299 25

138 2323 260 2402 magnis
288 2321 462 2382 muneribus
489 2331 520 2382 et
547 2322 712 2401 majoribus
733 2322 885 2401 promissis
909 2321 948 2381 ad
972 2330 1033 2381 stu·

138 2401 227 2464 dium
248 2402 294 2463 sui
313 2402 469 2496 perducit;
498 2402 564 2483 quis
585 2402 774 2482 adjutoribus
794 2422 895 2482 regern
916 2423 1032 2481 aggres-

139 2504 193 2545 sus
206 2482 345 2562 impelht,
359 2484 405 2543 uti
422 2482 569 2546 advorsus
588 2483 742 2544 Romanos
761 2482 877 2543 bellum
898 2483 1031 2562 incipiat.

141 2565 180 2624 Id
203 2585 238 2625 ea
258 2563 358 2642 gratia
378 2563 497 2624 facilius
515 2564 698 2643 proniusque
716 2563 784 2635 fuit,
799 2564 880 2642 quod
894 2563 1033 2624 Bocchus

141 2645 230 2706 initio
251 2644 375 2723 hujusce
396 2643 468 2705 belli
490 2644 605 2724 legatos
629 2645 759 2705 Romam
781 2645 903 2704 miserat
927 2644 1031 2704 foedus
1041 2644 1080 2701 30

142 2734 174 2785 et
195 2724 359 2785 amicitiam
381 2724 518 2803 petitum,
539 2746 631 2806 quam
652 2745 716 2784 rem
740 2725 1033 2804 opportunissumam

143 2807 264 2884 incepto
278 2803 359 2864 bello
374 2805 462 2884 pauci
476 2805 707 2885 impediverant,
719 2805 800 2866 caeci
814 2805 953 2878 avaritia,
967 2805 1034 2884 quis

144 2886 246 2946 omnia
273 2886 397 2946 honesta
425 2895 516 2965 atque
544 2887 702 2947 inhonesta
722 2887 852 2947 vendere
873 2906 936 2946 mos
959 2895 1033 2947 erat.

145 2967 250 3027 Etiam
264 2975 354 3026 antea
368 2965 541 3046 Jugnrthae
561 2967 626 3026 filia
647 2967 761 3027 Bocchi
781 2975 932 3046 nupserat.
973 2965 1034 3027 Vc

145 3068 214 3120 rum
227 3067 264 3108 ea
277 3047 463 3108 necessitudo
484 3047 565 3126 apud
587 3047 737 3107 Numidas
756 3047 939 3125 Maurosque
958 3046 1033 3108 levis
1043 3045 1081 3105 35

145 3128 277 3200 ducitur,
289 3128 361 3207 quia
374 3127 486 3206 singuli
501 3148 555 3207 pro
569 3127 676 3207 opibus
690 3127 815 3206 quisquc
825 3147 917 3206 quam
931 3128 1034 3206 pluru-

146 3229 211 3274 mas
224 3229 344 3282 uxores,
358 3208 451 3268 denas
469 3208 531 3281 alii,
547 3207 600 3268 aiii
620 3208 721 3286 plnres
742 3206 865 3278 habent,
878 3206 930 3266 sed
951 3227 1034 3285 reges

146 3311 181 3350 eo
209 3289 347 3369 amplius.
389 3288 440 3349 Ita
466 3289 583 3348 animus
615 3286 813 3346 multitudine
839 3285 1033 3344 distrahitur:

147 3370 235 3431 nulla
248 3390 303 3449 pro
316 3369 397 3430 socia
410 3368 542 3440 obtinet;
564 3367 678 3445 pariter
691 3385 792 3424 omncs
806 3363 880 3423 viles
893 3372 972 3420 sunt.
