2392 3692
414 121 469 172 DE
487 121 608 172 Basso
629 120 875 174 Josoarfflrro.
1068 110 1111 173 29

172 285 325 348 invadunt
335 306 351 358 3·
363 283 557 345 semisomnos
599 283 700 356 artim,
714 283 789 345 alios
808 303 895 344 arma
914 293 1065 346 sumentes

171 369 281 448 fugant
309 364 512 444 funduntque.
600 364 728 425 dherbal
755 385 825 425 cum
852 365 956 444 paucis
982 367 1064 444 eqni·

170 448 253 509 tibus
281 445 400 507 Cirtam
426 445 571 524 profugit,
591 453 623 506 et
649 445 682 505 ni
708 444 872 506 multitudo
891 453 1063 524 togatorum

171 529 285 602 fuisset,
315 547 393 607 quae
420 525 571 586 Numidas
598 525 787 604 insequentes
814 525 970 586 moenibus
996 547 1063 606 pro

170 609 281 682 hibuit,
296 629 358 668 uno
379 607 427 669 die
447 607 528 666 inter
547 607 623 666 duos
643 626 727 685 reges
747 615 887 686 coeptum
906 615 998 686 atque
1011 628 1062 687 pa·
1091 609 1109 668 5

171 697 288 750 tratum
317 687 432 749 bellum
459 687 544 748 foret.
601 685 702 766 Igitur
728 686 886 766 Jugurtha
918 687 1063 766 oppidum

171 769 374 842 circumsedit,
388 769 483 830 vineis
503 766 699 845 turribusque
712 775 743 828 et
759 767 907 828 machinis
927 767 1062 828 omnium

169 870 318 930 generum
341 869 517 929 expugnare
541 847 726 928 aggreditur,
747 867 891 909 maxume
914 848 1061 910 festinans

169 940 290 1009 tempus
318 929 487 1009 legatorum
513 937 701 1008 antecapere,
722 949 796 1007 quos
822 938 894 990 ante
914 927 1061 1009 proelium

169 1011 289 1071 factum
316 1010 355 1070 ab
382 1009 559 1082 Adherbale
590 1009 722 1070 Romam
755 1009 859 1070 missos
891 1009 1060 1071 audiverat.
1071 1010 1109 1070 10

169 1090 230 1152 Sed
251 1099 411 1172 postquam
431 1099 552 1152 senatus
572 1090 611 1152 de
630 1089 712 1150 bello
730 1109 836 1150 eorum
856 1090 981 1169 accepit,
1000 1099 1061 1152 tres

169 1171 377 1232 adulescentes
397 1172 430 1232 in
450 1170 589 1232 Africam
611 1170 639 1231 le
700 1179 760 1244 tur,
779 1170 833 1249 qui
852 1169 957 1230 ambos
976 1191 1061 1250 reges

169 1253 292 1326 adeant,
306 1260 427 1313 senatus
447 1251 551 1332 populi
574 1272 611 1312 ue
680 1251 763 1312 mani
778 1250 880 1312 verbis
900 1251 1059 1312 nuntient:

169 1332 263 1394 Velle
283 1341 313 1394 et
334 1353 453 1394 censere
473 1353 522 1394 eos
542 1353 561 1392 a
603 1332 696 1393 armis
715 1332 876 1404 discedere,
890 1332 929 1392 de
943 1341 1058 1393 contro

169 1414 276 1476 versiis
296 1414 356 1487 suis
372 1414 442 1494 jure
462 1413 561 1494 potius
581 1422 673 1492 quam
697 1411 778 1474 bello
800 1412 986 1493 disceptare:
1014 1414 1058 1474 ita
1069 1416 1107 1474 15

169 1514 261 1574 seque
274 1493 394 1573 illisque
407 1495 534 1574 dignum
548 1514 618 1554 esse.

211 1575 262 1637 22.
284 1575 394 1654 Legati
421 1575 454 1634 in
482 1573 622 1634 Africam
649 1581 836 1640 maturantes
862 1572 999 1647 veniunt,
1024 1595 1059 1635 eo

169 1656 276 1736 magis,
291 1655 372 1734 quod
384 1655 508 1728 Romae,
522 1654 596 1714 dum
617 1654 765 1733 proficisci
785 1663 903 1734 parant,
918 1655 956 1715 de
975 1675 1059 1735 proe

170 1736 212 1796 lio
238 1736 321 1796 facto
348 1745 378 1797 et
405 1735 630 1816 oppugnatione
654 1734 757 1796 Cirtae
779 1735 977 1797 audiebatur:
1004 1735 1056 1795 sed

169 1817 194 1877 is
215 1837 320 1876 rumor
341 1816 471 1878 clemens
491 1825 565 1876 erat.
608 1815 748 1892 Quorum
761 1815 919 1895 Jugurtha
932 1825 1056 1894 accepta
1066 1817 1104 1877 20

169 1898 304 1958 oratione
331 1897 501 1976 respondit:
536 1895 602 1958 Sibi
636 1916 733 1976 neque
765 1898 864 1976 majus
891 1897 1054 2038 quicquam

169 1997 267 2056 neque
295 1978 393 2039 carius
420 1977 601 2038 auctoritate
627 1984 748 2038 senatus
771 1997 850 2051 esse3
878 1998 897 2038 a
942 1978 1058 2040 adulas

169 2059 269 2120 centia
293 2059 337 2118 ita
360 2079 391 2120 se
414 2058 539 2132 enisum,
554 2067 589 2117 ut
608 2057 648 2118 ab
668 2065 793 2137 optumo
813 2077 932 2138 quoque
951 2058 1059 2138 proba·
1095 2086 1104 2095 »

169 2147 270 2212 retur;
291 2139 414 2213 virtute,
429 2157 490 2200 non
511 2138 630 2198 malitia
644 2138 678 2199 P.
693 2137 835 2217 Scipioni,
849 2160 966 2201 summo
979 2140 1055 2212 viro,

168 2218 333 2359 placuisse;
354 2219 393 2280 ob
413 2219 532 2280 easdem
554 2227 632 2279 artes
653 2239 673 2278 a
692 2219 830 2298 Micipsa,
849 2240 909 2280 non
968 2220 1105 2281 nuria25

181 2299 343 2372 iberorum,
370 2299 403 2358 in
430 2319 558 2378 regnum
584 2299 764 2378 adoptatum
791 2319 861 2361 esse.
956 2309 1056 2361 terum

169 2401 228 2460 quo
252 2379 343 2460 plura
364 2378 442 2441 bene
466 2387 557 2459 atque
580 2389 702 2440 strenue
721 2380 846 2453 fecisset,
867 2401 902 2442 eo
921 2381 1057 2441 animum

168 2481 257 2521 suum
281 2460 426 2539 injuriam
450 2460 550 2520 minus
572 2460 711 2522 tolerare.
752 2459 959 2522 Adherbalem
980 2461 1057 2523 dolis

168 2541 251 2601 vitae
278 2543 359 2602 suae
376 2540 570 2614 insidiatum
598 2542 679 2621 quod
699 2541 753 2602 ubi
774 2542 974 2620 comperisset,
998 2563 1057 2604 soe

168 2621 224 2682 leri
251 2621 316 2701 ejus
343 2620 464 2684 obviam
485 2622 549 2683 isse.
591 2621 744 2702 Populum
765 2622 938 2684 Romanum
959 2623 1105 2704 neque30

168 2710 249 2763 recte
269 2721 366 2782 neque
386 2723 441 2782 pro
461 2701 541 2763 bono
562 2702 725 2777 facturum,
739 2703 765 2763 si
779 2703 818 2764 ab
834 2704 905 2783 jure
918 2705 1055 2784 gentium

167 2803 230 2842 sese
256 2783 454 2862 prohibuerit.
496 2783 651 2844 Postremo
677 2784 716 2844 de
742 2783 881 2844 omnibus
905 2784 993 2845 rebus
1017 2784 1056 2844 le-

167 2872 253 2942 gatos
274 2863 404 2925 Romam
428 2863 514 2925 brevi
538 2866 707 2926 missurum.
748 2864 800 2925 Ita
819 2865 941 2944 utrique
961 2865 1057 2944 digre

167 2943 302 3005 diuntur.
344 2943 530 3006 Adherbalis
543 2945 719 3024 appellandi
732 2946 819 3024 copia
832 2967 892 3006 non
907 2946 974 3005 fuit.

208 3025 258 3088 23.
280 3023 438 3106 dugurtha
458 3025 512 3086 ubi
532 3045 581 3086 eos
594 3025 704 3086 Africa
723 3026 879 3086 decessisse
899 3036 983 3086 ratus
1002 3025 1102 3100 est,35

167 3125 265 3185 neque
289 3115 413 3186 propter
436 3105 495 3167 loci
518 3115 662 3167 naturam
685 3104 803 3167 Cirtam
827 3107 918 3167 armis
942 3127 1055 3185 expug-

168 3207 241 3246 nare
267 3189 374 3266 potest,
398 3186 481 3248 vallo
509 3194 601 3266 atquc
627 3186 706 3246 fossa
733 3187 851 3246 moenia
878 3186 1054 3257 circumdat,

167 3275 266 3327 turres
292 3267 422 3328 exstruit
449 3285 557 3345 easque
584 3266 742 3346 praesidiis
768 3266 877 3335 firmat,
899 3275 1054 3343 praeterea

168 3347 231 3408 dies
254 3357 416 3427 noctesque
441 3355 496 3406 aut
523 3365 578 3424 per
607 3346 681 3404 vim'
701 3353 755 3402 aut
789 3343 865 3402 dolis
898 3354 1054 3418 temptare,
