2392 3692
99 172 160 237 116
386 185 410 235 0.
430 184 611 236 sarasar!
631 184 754 235 ORJSPJ

144 341 360 422 conjurationis
384 350 479 415 erant,
504 342 628 421 paratis,
649 349 684 402 ut
704 340 897 415 videbantur,
917 342 1039 421 magnis

145 423 246 502 copiis,
274 422 492 484 constituerant
523 423 578 495 uti,
608 443 677 483 curn
705 421 840 482 Catilina
866 422 899 481 in
927 443 1038 501 agrum

145 502 350 564 Faesulanum
371 523 440 563 cum
461 503 595 563 exercitu
614 503 751 575 venisset,
766 502 802 563 L.
818 501 922 562 Bestia
942 503 1039 563 tribu-

144 606 201 644 nus
250 583 325 644 lebis
353 584 494 645 concione
522 582 628 643 habita
652 591 828 662 quereretur
852 583 890 643 de
913 584 1039 644 actioni·

118 664 201 726 bbus
216 605 377 736 Ciceronis,
392 663 524 742 bellique
540 663 721 743 gravissumi
741 662 888 724 invidiam
910 673 1037 743 optumo

146 745 261 806 consuli
285 745 468 823 imponeret;
489 765 524 804 co
544 744 630 823 signo
651 764 801 823 proxuma
825 752 913 804 nocte
937 753 1039 805 cetera

145 825 309 886 multitudo
344 825 559 903 conjurationis
597 844 685 884 suum
721 825 787 903 quis
808 844 846 884 ue
880 825 1037 903 negotium

145 914 367 985 exsequeretur.
409 904 469 965 Sed
487 926 522 965 ea
539 905 638 965 divisa
658 904 715 966 hoc
736 845 825 965 modo
839 904 1037 965 dicebantur:

145 986 283 1047 Statilius
298 994 327 1046 et
338 984 488 1046 Gabinius
502 986 547 1045 uti
561 1005 631 1046 cum
646 1004 757 1064 magna
770 1005 863 1045 manu
878 984 1037 1045 duodecim

100 1072 137 1130 10
146 1066 235 1128 simul
249 1076 419 1145 opportuna
433 1067 500 1127 loca
513 1065 596 1126 urbis
611 1066 813 1137 incenderent,
829 1085 888 1143 quo
902 1066 1038 1125 tumultu

147 1147 265 1208 facilior
285 1147 386 1207 aditus
406 1147 446 1207 ad
467 1146 619 1206 consulem
641 1154 820 1225 ceterosque,
838 1145 948 1224 quibus
969 1146 1039 1206 insi-

146 1229 215 1288 diae
235 1227 432 1307 parabantur,
446 1226 548 1299 fieret;
569 1225 720 1305 Cethegus
740 1225 893 1286 Ciceronis
908 1226 1038 1305 januam

146 1308 294 1369 obsideret
305 1328 434 1385 eumque
443 1308 475 1369 vi
489 1307 713 1385 aggrederetur,
724 1306 801 1366 alius
812 1315 914 1366 autem
925 1306 1039 1379 alium;

146 1390 198 1449 sed
219 1389 275 1448 filii
296 1388 491 1460 familiarum,
506 1408 636 1466 quorum
654 1408 693 1447 ex
713 1385 872 1447 nobilitate
893 1407 1040 1447 maxuma

99 1473 136 1531 15
147 1490 217 1550 pars
238 1477 312 1541 erat,
330 1478 468 1547 parentes
489 1467 700 1540 interficerent,
721 1466 811 1527 simul
833 1467 924 1527 caede
944 1477 975 1528 et
996 1468 1040 1528 in-

148 1551 254 1611 cendio
275 1548 419 1628 perculsis
441 1547 587 1621 omnibus,
603 1548 643 1607 ad
657 1546 822 1607 Catilinam
836 1558 1038 1626 erumperent

148 1631 234 1692 Inter
257 1629 332 1690 hacc
356 1638 464 1708 parata
488 1637 578 1707 atque
603 1628 724 1689 decreta
747 1626 898 1706 Cethegus
922 1648 1041 1709 semper

148 1710 331 1791 querebatur
359 1710 396 1769 de
423 1709 547 1788 ignavia
573 1709 739 1779 sociorum;
774 1707 842 1768 illos
869 1708 1040 1769 dubitando

147 1802 178 1853 et
202 1793 264 1853 dies
289 1790 468 1870 prolatando
492 1809 619 1868 magnas
642 1788 883 1869 opportunitates
907 1809 1040 1849 corrum-

100 1875 138 1934 20
147 1894 235 1952 perc;
258 1873 347 1943 lactc,
362 1891 422 1931 non
443 1869 587 1944 consulto,
602 1870 634 1928 in
648 1868 704 1929 tali
717 1868 852 1948 periculo
873 1889 948 1947 opus
969 1890 1040 1941 esse,

146 1974 245 2032 seque,
270 1954 295 2012 si
320 1951 409 2030 pauci
434 1951 625 2030 adjuvarent,
651 1947 864 2088 laqguentibus
888 1949 965 2022 aliis,
985 1950 1039 2010 im-

715 2038 805 2090 atura
831 2030 927 2103 ferox,
951 2030 1039 2091 vehe-

148 2134 240 2186 mens,
265 2134 356 2174 manu
382 2119 538 2191 promptus
562 2119 644 2183 erat;
666 2130 845 2170 maxumum
869 2110 983 2170 bonum
1006 2112 1038 2171 in

147 2195 299 2255 celeritate
313 2192 450 2272 putabat.

100 2277 138 2335 25
187 2276 235 2337 44.
257 2274 315 2335 Sed
341 2273 522 2351 Allobroges
549 2292 588 2331 ex
616 2279 777 2350 praecepto
804 2270 958 2331 Ciceronis
985 2290 1039 2351 per

149 2359 316 2420 Gabinium
333 2369 445 2421 ceteros
467 2360 660 2421 conveniunt.
701 2357 754 2418 Ab
769 2358 917 2432 Lentulo,
932 2359 1037 2419 Cethe

147 2463 194 2521 gc,
226 2440 356 2515 Statilio,
388 2442 461 2502 item
491 2440 593 2502 Cassio
623 2439 779 2520 postulant
810 2440 1035 2519 jusjurandum,

145 2528 226 2607 quod
256 2528 409 2606 signatum
444 2527 484 2586 ad
519 2527 598 2588 cives
631 2526 801 2605 perferant:
836 2526 926 2586 aliter
953 2526 1035 2587 haud

145 2609 235 2669 facile
249 2629 297 2669 eos
312 2608 351 2668 ad
365 2615 484 2667 tanturn
499 2608 653 2686 negotium
673 2605 789 2684 impelli
802 2626 895 2684 posse.
937 2606 1036 2667 Ceteri

99 2691 136 2750 30
145 2688 223 2749 nihil
257 2689 442 2767 suspicantes
468 2687 565 2760 .dant;
600 2686 720 2747 Cassius
753 2695 847 2747 semet
881 2707 916 2747 eo
950 2686 1037 2749 brevi

145 2778 307 2831 venturum
323 2767 492 2847 pollicetur,
506 2788 542 2828 ac
563 2768 655 2846 paulo
675 2776 746 2827 ante
766 2766 880 2845 legatos
901 2787 940 2827 ex
961 2767 1036 2827 urbe

146 2849 353 2929 proficiscitur.
395 2848 546 2909 Lentulus
560 2868 629 2909 curn
640 2849 682 2908 eis
695 2848 729 2908 T.
740 2846 936 2908 Volturcium
947 2868 1036 2926 quen·

145 2932 216 2991 dam
231 2928 456 2991 Crotoniensem
476 2929 579 3001 mittit,
594 2938 629 2988 ut
642 2927 831 3007 Allobroges,
847 2928 930 3007 prius
944 2949 1035 3007 quam

146 3012 270 3071 domum
284 3019 452 3089 pergerent,
468 3031 536 3070 cum
551 3008 685 3069 Catilina
706 3009 779 3069 data
799 3017 890 3087 atque
911 3018 1035 3087 accepta

99 3093 136 3152 35
146 3092 205 3152 fide
218 3091 391 3152 societatem
405 3090 626 3151 confirmarent.
668 3089 738 3168 Ipse
748 3089 909 3151 Volturcio
919 3088 1036 3150 litteras

147 3172 186 3231 ad
201 3171 365 3230 Catilinam
380 3170 442 3240 dat,
456 3188 586 3245 quarum
607 3168 780 3247 exemplum
796 3170 1035 3248 infrascriptum

148 3259 209 3309 est:
232 3249 337 3323 “Quis
356 3248 422 3319 sim,
436 3267 475 3306 ex
497 3267 539 3317 ec,
556 3267 646 3323 quem
666 3248 706 3306 ad
727 3256 758 3308 te
777 3250 854 3321 misi,
869 3269 1034 3328 cognosces.

148 3326 213 3388 Fac
228 3328 338 3405 cogites
352 3327 383 3384 in
398 3333 513 3402 quanta
527 3324 699 3385 calamitate
715 3327 762 3397 sis,
777 3336 807 3387 ct
821 3330 993 3389 memineris
1007 3340 1036 3388 te

149 3405 249 3465 virum
264 3425 332 3465 esse.
375 3403 549 3464 Consideres
564 3404 637 3479 quid
651 3412 722 3465 tuae
732 3407 862 3467 rationes
872 3409 1034 3487 postulent.

148 2044 251 2114 petum
280 2034 311 2093 in
339 2032 455 2092 curiam
479 2030 641 2091 facturum.
