<?xml version="1.0" encoding="UTF-8"?>
<!DOCTYPE html PUBLIC "-//W3C//DTD XHTML 1.0 Transitional//EN"
    "http://www.w3.org/TR/xhtml1/DTD/xhtml1-transitional.dtd">
<html xmlns="http://www.w3.org/1999/xhtml" xml:lang="en" lang="en">
 <head>
  <title>
</title>
<meta http-equiv="Content-Type" content="text/html;charset=utf-8" />
  <meta name='ocr-system' content='tesseract 3.04.00' />
  <meta name='ocr-capabilities' content='ocr_page ocr_carea ocr_par ocr_line ocrx_word'/>
</head>
<body>
  <div class='ocr_page' id='page_1' title='image "./csallusticrispi00stuagoog_0051.png"; bbox 0 0 2392 3692; ppageno 0'>
   <div class='ocr_carea' id='block_1_1' title="bbox 403 143 1100 208">
    <p class='ocr_par' dir='ltr' id='par_1_1' title="bbox 403 143 1100 208">
     <span class='ocr_line' id='line_1_1' title="bbox 403 143 1100 208; baseline 0.003 -4"><span class='ocrx_word' id='word_1_1' title='bbox 403 156 456 204; x_wconf 78' lang='lat' dir='ltr'>aa</span> <span class='ocrx_word' id='word_1_2' title='bbox 474 156 595 206; x_wconf 77' lang='lat' dir='ltr'>annno</span> <span class='ocrx_word' id='word_1_3' title='bbox 617 155 863 208; x_wconf 77' lang='lat' dir='ltr'>Juounrnruu</span> <span class='ocrx_word' id='word_1_4' title='bbox 1056 143 1100 206; x_wconf 83' lang='lat'>43</span> 
     </span>
    </p>
   </div>
   <div class='ocr_carea' id='block_1_2' title="bbox 159 314 1053 617">
    <p class='ocr_par' dir='ltr' id='par_1_2' title="bbox 159 314 1053 617">
     <span class='ocr_line' id='line_1_2' title="bbox 159 314 1053 396; baseline -0.002 -18"><span class='ocrx_word' id='word_1_5' title='bbox 159 315 238 378; x_wconf 90' lang='lat' dir='ltr'>duas</span> <span class='ocrx_word' id='word_1_6' title='bbox 262 323 365 395; x_wconf 88' lang='lat' dir='ltr'>partes</span> <span class='ocrx_word' id='word_1_7' title='bbox 389 314 541 376; x_wconf 85' lang='lat' dir='ltr'>abstracta</span> <span class='ocrx_word' id='word_1_8' title='bbox 568 322 648 388; x_wconf 88' lang='lat' dir='ltr'>sunt,</span> <span class='ocrx_word' id='word_1_9' title='bbox 672 335 719 376; x_wconf 88' lang='lat' dir='ltr'>res</span> <span class='ocrx_word' id='word_1_10' title='bbox 742 314 875 396; x_wconf 85' lang='lat' dir='ltr'>publica,</span> <span class='ocrx_word' id='word_1_11' title='bbox 896 335 974 395; x_wconf 84' lang='lat' dir='ltr'>quae</span> <span class='ocrx_word' id='word_1_12' title='bbox 995 337 1053 376; x_wconf 85' lang='lat' dir='ltr'>me</span> 
     </span>
     <span class='ocr_line' id='line_1_3' title="bbox 159 395 1053 469; baseline -0.001 -11"><span class='ocrx_word' id='word_1_13' title='bbox 159 398 213 458; x_wconf 89' lang='lat' dir='ltr'>dia</span> <span class='ocrx_word' id='word_1_14' title='bbox 237 397 348 469; x_wconf 83' lang='lat' dir='ltr'>fuerat,</span> <span class='ocrx_word' id='word_1_15' title='bbox 369 395 542 458; x_wconf 86' lang='lat' dir='ltr'>dilacerata.</span> <span class='ocrx_word' id='word_1_16' title='bbox 584 395 727 456; x_wconf 84' lang='lat' dir='ltr'>Ceterum</span> <span class='ocrx_word' id='word_1_17' title='bbox 754 395 897 457; x_wconf 80' lang='lat' dir='ltr'><strong>nobilitas</strong></span> <span class='ocrx_word' id='word_1_18' title='bbox 923 397 1053 457; x_wconf 87' lang='lat' dir='ltr'>factione</span> 
     </span>
     <span class='ocr_line' id='line_1_4' title="bbox 159 476 1052 617; baseline 0 -81"><span class='ocrx_word' id='word_1_19' title='bbox 159 477 259 617; x_wconf 83' lang='lat' dir='ltr'>magis</span> <span class='ocrx_word' id='word_1_20' title='bbox 283 476 427 556; x_wconf 88' lang='lat' dir='ltr'>pollebat,</span> <span class='ocrx_word' id='word_1_21' title='bbox 449 476 546 556; x_wconf 87' lang='lat' dir='ltr'>plebis</span> <span class='ocrx_word' id='word_1_22' title='bbox 566 476 613 537; x_wconf 88' lang='lat' dir='ltr'>vis</span> <span class='ocrx_word' id='word_1_23' title='bbox 633 476 733 538; x_wconf 89' lang='lat' dir='ltr'>soluta</span> <span class='ocrx_word' id='word_1_24' title='bbox 752 486 843 556; x_wconf 89' lang='lat' dir='ltr'>atque</span> <span class='ocrx_word' id='word_1_25' title='bbox 867 477 1001 556; x_wconf 85' lang='lat' dir='ltr'>dispersa</span> <span class='ocrx_word' id='word_1_26' title='bbox 1021 478 1052 536; x_wconf 91' lang='lat' dir='ltr'>in</span> 
     </span>
    </p>
   </div>
   <div class='ocr_carea' id='block_1_3' title="bbox 135 556 1100 3370">
    <p class='ocr_par' dir='ltr' id='par_1_3' title="bbox 159 556 1100 1361">
     <span class='ocr_line' id='line_1_5' title="bbox 160 556 1052 636; baseline -0.002 -18"><span class='ocrx_word' id='word_1_27' title='bbox 160 579 213 618; x_wconf 93' lang='lat' dir='ltr'>mu</span> <span class='ocrx_word' id='word_1_28' title='bbox 226 558 360 618; x_wconf 81' lang='lat' dir='ltr'><strong>titudine</strong></span> <span class='ocrx_word' id='word_1_29' title='bbox 374 558 473 617; x_wconf 90' lang='lat' dir='ltr'>minus</span> <span class='ocrx_word' id='word_1_30' title='bbox 487 565 612 636; x_wconf 88' lang='lat' dir='ltr'>poterat.</span> <span class='ocrx_word' id='word_1_31' title='bbox 653 557 826 618; x_wconf 78' lang='lat' dir='ltr'>Paucorum</span> <span class='ocrx_word' id='word_1_32' title='bbox 840 556 967 617; x_wconf 88' lang='lat' dir='ltr'>arbitrio</span> <span class='ocrx_word' id='word_1_33' title='bbox 980 556 1052 617; x_wconf 89' lang='lat' dir='ltr'>belli</span> 
     </span>
     <span class='ocr_line' id='line_1_6' title="bbox 159 637 1100 718; baseline -0.001 -21"><span class='ocrx_word' id='word_1_34' title='bbox 159 638 304 716; x_wconf 85' lang='lat' dir='ltr'>domique</span> <span class='ocrx_word' id='word_1_35' title='bbox 331 637 522 717; x_wconf 85' lang='lat' dir='ltr'>agitabatur;</span> <span class='ocrx_word' id='word_1_36' title='bbox 550 657 641 716; x_wconf 89' lang='lat' dir='ltr'>penes</span> <span class='ocrx_word' id='word_1_37' title='bbox 661 638 778 698; x_wconf 88' lang='lat' dir='ltr'>eosdem</span> <span class='ocrx_word' id='word_1_38' title='bbox 806 638 966 711; x_wconf 86' lang='lat' dir='ltr'>aerarium,</span> <span class='ocrx_word' id='word_1_39' title='bbox 987 659 1053 718; x_wconf 84' lang='lat' dir='ltr'>pro</span> <span class='ocrx_word' id='word_1_40' title='bbox 1081 638 1100 696; x_wconf 85' lang='lat'>5</span> 
     </span>
     <span class='ocr_line' id='line_1_7' title="bbox 159 718 1052 798; baseline 0 -19"><span class='ocrx_word' id='word_1_41' title='bbox 159 719 290 791; x_wconf 87' lang='lat' dir='ltr'>vinciae,</span> <span class='ocrx_word' id='word_1_42' title='bbox 305 719 509 797; x_wconf 86' lang='lat' dir='ltr'>magistratus,</span> <span class='ocrx_word' id='word_1_43' title='bbox 522 718 638 796; x_wconf 86' lang='lat' dir='ltr'>gloriae</span> <span class='ocrx_word' id='word_1_44' title='bbox 651 719 858 798; x_wconf 83' lang='lat' dir='ltr'>triumphique</span> <span class='ocrx_word' id='word_1_45' title='bbox 876 729 980 779; x_wconf 89' lang='lat' dir='ltr'>erant:</span> <span class='ocrx_word' id='word_1_46' title='bbox 1002 739 1052 797; x_wconf 83' lang='lat' dir='ltr'>po</span> 
     </span>
     <span class='ocr_line' id='line_1_8' title="bbox 159 798 1053 892; baseline 0.001 -34"><span class='ocrx_word' id='word_1_47' title='bbox 159 798 253 878; x_wconf 91' lang='lat' dir='ltr'>pulus</span> <span class='ocrx_word' id='word_1_48' title='bbox 264 798 373 859; x_wconf 88' lang='lat' dir='ltr'>militia</span> <span class='ocrx_word' id='word_1_49' title='bbox 383 809 474 877; x_wconf 89' lang='lat' dir='ltr'>atque</span> <span class='ocrx_word' id='word_1_50' title='bbox 485 799 586 892; x_wconf 90' lang='lat' dir='ltr'>inopia</span> <span class='ocrx_word' id='word_1_51' title='bbox 597 798 777 877; x_wconf 87' lang='lat' dir='ltr'>urgebatur;</span> <span class='ocrx_word' id='word_1_52' title='bbox 792 799 920 878; x_wconf 85' lang='lat' dir='ltr'>praedas</span> <span class='ocrx_word' id='word_1_53' title='bbox 929 798 1053 859; x_wconf 88' lang='lat' dir='ltr'>bellicas</span> 
     </span>
     <span class='ocr_line' id='line_1_9' title="bbox 159 878 1052 958; baseline 0 -19"><span class='ocrx_word' id='word_1_54' title='bbox 159 879 358 958; x_wconf 85' lang='lat' dir='ltr'>imperatores</span> <span class='ocrx_word' id='word_1_55' title='bbox 372 899 441 940; x_wconf 89' lang='lat' dir='ltr'>curn</span> <span class='ocrx_word' id='word_1_56' title='bbox 455 899 558 958; x_wconf 86' lang='lat' dir='ltr'>paucrs</span> <span class='ocrx_word' id='word_1_57' title='bbox 572 879 764 958; x_wconf 83' lang='lat' dir='ltr'>diripiebant</span> <span class='ocrx_word' id='word_1_58' title='bbox 807 878 929 939; x_wconf 79' lang='lat' dir='ltr'>Interea</span> <span class='ocrx_word' id='word_1_59' title='bbox 946 899 1052 958; x_wconf 85' lang='lat' dir='ltr'>paren-</span> 
     </span>
     <span class='ocr_line' id='line_1_10' title="bbox 159 959 1052 1039; baseline 0 -19"><span class='ocrx_word' id='word_1_60' title='bbox 159 968 207 1020; x_wconf 89' lang='lat' dir='ltr'>tes</span> <span class='ocrx_word' id='word_1_61' title='bbox 227 969 282 1020; x_wconf 89' lang='lat' dir='ltr'>aut</span> <span class='ocrx_word' id='word_1_62' title='bbox 303 960 391 1039; x_wconf 86' lang='lat' dir='ltr'>parvi</span> <span class='ocrx_word' id='word_1_63' title='bbox 411 959 500 1019; x_wconf 90' lang='lat' dir='ltr'>liberi</span> <span class='ocrx_word' id='word_1_64' title='bbox 520 959 661 1032; x_wconf 92' lang='lat' dir='ltr'>militum,</span> <span class='ocrx_word' id='word_1_65' title='bbox 678 960 725 1019; x_wconf 88' lang='lat' dir='ltr'>uti</span> <span class='ocrx_word' id='word_1_66' title='bbox 745 960 872 1039; x_wconf 86' lang='lat' dir='ltr'>quisque</span> <span class='ocrx_word' id='word_1_67' title='bbox 891 959 1052 1038; x_wconf 80' lang='lat' dir='ltr'>potentiori</span> 
     </span>
     <span class='ocr_line' id='line_1_11' title="bbox 160 1035 1099 1120; baseline -0.001 -19"><span class='ocrx_word' id='word_1_68' title='bbox 160 1040 288 1101; x_wconf 88' lang='lat' dir='ltr'>confinis</span> <span class='ocrx_word' id='word_1_69' title='bbox 302 1048 376 1113; x_wconf 89' lang='lat' dir='ltr'>erat,</span> <span class='ocrx_word' id='word_1_70' title='bbox 390 1039 510 1102; x_wconf 90' lang='lat' dir='ltr'>sedibus</span> <span class='ocrx_word' id='word_1_71' title='bbox 523 1035 725 1120; x_wconf 82' lang='lat' dir='ltr'>pellebantur.</span> <span class='ocrx_word' id='word_1_72' title='bbox 767 1039 818 1100; x_wconf 89' lang='lat' dir='ltr'>Ita</span> <span class='ocrx_word' id='word_1_73' title='bbox 831 1061 901 1101; x_wconf 89' lang='lat' dir='ltr'>cum</span> <span class='ocrx_word' id='word_1_74' title='bbox 915 1041 1051 1119; x_wconf 88' lang='lat' dir='ltr'>potentia</span> <span class='ocrx_word' id='word_1_75' title='bbox 1062 1040 1099 1100; x_wconf 91' lang='lat'>10</span> 
     </span>
     <span class='ocr_line' id='line_1_12' title="bbox 160 1120 1052 1199; baseline -0.001 -18"><span class='ocrx_word' id='word_1_76' title='bbox 160 1121 294 1182; x_wconf 81' lang='lat' dir='ltr'>avaritia</span> <span class='ocrx_word' id='word_1_77' title='bbox 313 1121 376 1181; x_wconf 87' lang='lat' dir='ltr'>sine</span> <span class='ocrx_word' id='word_1_78' title='bbox 397 1121 485 1182; x_wconf 92' lang='lat' dir='ltr'>modo</span> <span class='ocrx_word' id='word_1_79' title='bbox 509 1120 714 1199; x_wconf 77' lang='lat' dir='ltr'>modestiaque</span> <span class='ocrx_word' id='word_1_80' title='bbox 742 1121 895 1191; x_wconf 85' lang='lat' dir='ltr'>invadere,</span> <span class='ocrx_word' id='word_1_81' title='bbox 917 1120 1052 1199; x_wconf 91' lang='lat' dir='ltr'>polluere</span> 
     </span>
     <span class='ocr_line' id='line_1_13' title="bbox 159 1200 1051 1280; baseline 0 -18"><span class='ocrx_word' id='word_1_82' title='bbox 159 1209 193 1262; x_wconf 89' lang='lat' dir='ltr'>et</span> <span class='ocrx_word' id='word_1_83' title='bbox 213 1209 333 1263; x_wconf 85' lang='lat' dir='ltr'>vastare</span> <span class='ocrx_word' id='word_1_84' title='bbox 354 1202 463 1274; x_wconf 93' lang='lat' dir='ltr'>omnia,</span> <span class='ocrx_word' id='word_1_85' title='bbox 484 1200 562 1261; x_wconf 90' lang='lat' dir='ltr'>nihil</span> <span class='ocrx_word' id='word_1_86' title='bbox 582 1201 667 1280; x_wconf 87' lang='lat' dir='ltr'>pensi</span> <span class='ocrx_word' id='word_1_87' title='bbox 691 1221 788 1280; x_wconf 91' lang='lat' dir='ltr'>neque</span> <span class='ocrx_word' id='word_1_88' title='bbox 810 1201 907 1262; x_wconf 87' lang='lat' dir='ltr'>sancti</span> <span class='ocrx_word' id='word_1_89' title='bbox 931 1201 1051 1275; x_wconf 87' lang='lat' dir='ltr'>habere,</span> 
     </span>
     <span class='ocr_line' id='line_1_14' title="bbox 159 1280 1051 1361; baseline 0.002 -21"><span class='ocrx_word' id='word_1_90' title='bbox 159 1281 262 1360; x_wconf 87' lang='lat' dir='ltr'>quoad</span> <span class='ocrx_word' id='word_1_91' title='bbox 282 1290 376 1342; x_wconf 88' lang='lat' dir='ltr'>semet</span> <span class='ocrx_word' id='word_1_92' title='bbox 395 1282 461 1361; x_wconf 87' lang='lat' dir='ltr'>ipsa</span> <span class='ocrx_word' id='word_1_93' title='bbox 480 1282 701 1361; x_wconf 84' lang='lat' dir='ltr'>praecipitavit.</span> <span class='ocrx_word' id='word_1_94' title='bbox 744 1281 826 1343; x_wconf 89' lang='lat' dir='ltr'>Nam</span> <span class='ocrx_word' id='word_1_95' title='bbox 845 1280 899 1341; x_wconf 91' lang='lat' dir='ltr'>ubi</span> <span class='ocrx_word' id='word_1_96' title='bbox 919 1281 1051 1361; x_wconf 90' lang='lat' dir='ltr'>primum</span> 
     </span>
    </p>

    <p class='ocr_par' dir='ltr' id='par_1_4' title="bbox 135 1361 1099 1602">
     <span class='ocr_line' id='line_1_15' title="bbox 135 1361 1051 1441; baseline 0 -18"><span class='ocrx_word' id='word_1_97' title='bbox 135 1376 138 1384; x_wconf 86' lang='lat'>&#39;</span> <span class='ocrx_word' id='word_1_98' title='bbox 159 1383 202 1423; x_wconf 87' lang='lat' dir='ltr'>ex</span> <span class='ocrx_word' id='word_1_99' title='bbox 215 1361 376 1422; x_wconf 88' lang='lat' dir='ltr'>nobilitate</span> <span class='ocrx_word' id='word_1_100' title='bbox 389 1363 501 1441; x_wconf 90' lang='lat' dir='ltr'>reperti</span> <span class='ocrx_word' id='word_1_101' title='bbox 514 1371 593 1435; x_wconf 89' lang='lat' dir='ltr'>sunt,</span> <span class='ocrx_word' id='word_1_102' title='bbox 606 1362 658 1440; x_wconf 93' lang='lat' dir='ltr'>qui</span> <span class='ocrx_word' id='word_1_103' title='bbox 668 1382 772 1422; x_wconf 87' lang='lat' dir='ltr'>veram</span> <span class='ocrx_word' id='word_1_104' title='bbox 782 1362 911 1441; x_wconf 85' lang='lat' dir='ltr'>gloriam</span> <span class='ocrx_word' id='word_1_105' title='bbox 922 1362 1051 1441; x_wconf 84' lang='lat' dir='ltr'>injustae</span> 
     </span>
     <span class='ocr_line' id='line_1_16' title="bbox 158 1442 1099 1523; baseline 0 -21"><span class='ocrx_word' id='word_1_106' title='bbox 158 1443 314 1523; x_wconf 87' lang='lat' dir='ltr'>potentiae</span> <span class='ocrx_word' id='word_1_107' title='bbox 341 1449 565 1521; x_wconf 78' lang='lat' dir='ltr'>anteponerent,</span> <span class='ocrx_word' id='word_1_108' title='bbox 587 1442 703 1503; x_wconf 88' lang='lat' dir='ltr'>moveri</span> <span class='ocrx_word' id='word_1_109' title='bbox 727 1443 834 1504; x_wconf 88' lang='lat' dir='ltr'>civitas</span> <span class='ocrx_word' id='word_1_110' title='bbox 858 1451 889 1503; x_wconf 91' lang='lat' dir='ltr'>et</span> <span class='ocrx_word' id='word_1_111' title='bbox 909 1443 1099 1504; x_wconf 76' lang='lat' dir='ltr'>dissensiolb</span> 
     </span>
     <span class='ocr_line' id='line_1_17' title="bbox 159 1521 857 1602; baseline -0.004 -16"><span class='ocrx_word' id='word_1_112' title='bbox 159 1521 261 1586; x_wconf 82' lang='lat' dir='ltr'>civilis</span> <span class='ocrx_word' id='word_1_113' title='bbox 296 1523 362 1583; x_wconf 89' lang='lat' dir='ltr'>uasi</span> <span class='ocrx_word' id='word_1_114' title='bbox 375 1523 538 1602; x_wconf 82' lang='lat' dir='ltr'>permixtio</span> <span class='ocrx_word' id='word_1_115' title='bbox 551 1531 651 1583; x_wconf 88' lang='lat' dir='ltr'>terrae</span> <span class='ocrx_word' id='word_1_116' title='bbox 664 1523 736 1584; x_wconf 91' lang='lat' dir='ltr'>oriri</span> <span class='ocrx_word' id='word_1_117' title='bbox 751 1544 803 1584; x_wconf 92' lang='lat' dir='ltr'>coe</span> <span class='ocrx_word' id='word_1_118' title='bbox 825 1524 857 1583; x_wconf 90' lang='lat' dir='ltr'>it.</span> 
     </span>
    </p>

    <p class='ocr_par' dir='ltr' id='par_1_5' title="bbox 154 1602 1099 2812">
     <span class='ocr_line' id='line_1_18' title="bbox 202 1602 1051 1683; baseline 0 -19"><span class='ocrx_word' id='word_1_119' title='bbox 202 1603 252 1664; x_wconf 81' lang='lat'>42.</span> <span class='ocrx_word' id='word_1_120' title='bbox 308 1623 358 1662; x_wconf 85' lang='lat' dir='ltr'>am</span> <span class='ocrx_word' id='word_1_121' title='bbox 378 1611 537 1681; x_wconf 89' lang='lat' dir='ltr'>postquam</span> <span class='ocrx_word' id='word_1_122' title='bbox 554 1602 692 1663; x_wconf 90' lang='lat' dir='ltr'>Tiberius</span> <span class='ocrx_word' id='word_1_123' title='bbox 705 1612 736 1664; x_wconf 89' lang='lat' dir='ltr'>et</span> <span class='ocrx_word' id='word_1_124' title='bbox 750 1603 784 1665; x_wconf 80' lang='grc' dir='ltr'>Ο.</span> <span class='ocrx_word' id='word_1_125' title='bbox 831 1604 966 1676; x_wconf 87' lang='lat' dir='ltr'>racchus,</span> <span class='ocrx_word' id='word_1_126' title='bbox 981 1625 1051 1683; x_wconf 85' lang='lat' dir='ltr'>quo</span> 
     </span>
     <span class='ocr_line' id='line_1_19' title="bbox 159 1683 1051 1763; baseline 0 -19"><span class='ocrx_word' id='word_1_127' title='bbox 159 1703 231 1744; x_wconf 92' lang='lat' dir='ltr'>rum</span> <span class='ocrx_word' id='word_1_128' title='bbox 251 1684 379 1763; x_wconf 89' lang='lat' dir='ltr'>majores</span> <span class='ocrx_word' id='word_1_129' title='bbox 399 1683 515 1744; x_wconf 91' lang='lat' dir='ltr'>Punico</span> <span class='ocrx_word' id='word_1_130' title='bbox 539 1692 631 1762; x_wconf 91' lang='lat' dir='ltr'>atque</span> <span class='ocrx_word' id='word_1_131' title='bbox 652 1683 721 1745; x_wconf 88' lang='lat' dir='ltr'>aliis</span> <span class='ocrx_word' id='word_1_132' title='bbox 746 1683 833 1744; x_wconf 92' lang='lat' dir='ltr'>bellis</span> <span class='ocrx_word' id='word_1_133' title='bbox 854 1684 986 1744; x_wconf 89' lang='lat' dir='ltr'>multum</span> <span class='ocrx_word' id='word_1_134' title='bbox 1007 1685 1051 1745; x_wconf 89' lang='lat' dir='ltr'>rei</span> 
     </span>
     <span class='ocr_line' id='line_1_20' title="bbox 159 1763 1051 1844; baseline 0.001 -21"><span class='ocrx_word' id='word_1_135' title='bbox 159 1763 303 1844; x_wconf 84' lang='lat' dir='ltr'>publicae</span> <span class='ocrx_word' id='word_1_136' title='bbox 324 1763 512 1836; x_wconf 85' lang='lat' dir='ltr'>addiderant,</span> <span class='ocrx_word' id='word_1_137' title='bbox 526 1763 683 1825; x_wconf 84' lang='lat' dir='ltr'>vindicare</span> <span class='ocrx_word' id='word_1_138' title='bbox 701 1763 819 1844; x_wconf 84' lang='lat' dir='ltr'>plebem</span> <span class='ocrx_word' id='word_1_139' title='bbox 833 1765 865 1823; x_wconf 91' lang='lat' dir='ltr'>in</span> <span class='ocrx_word' id='word_1_140' title='bbox 880 1764 1051 1825; x_wconf 87' lang='lat' dir='ltr'>libertatem</span> 
     </span>
     <span class='ocr_line' id='line_1_21' title="bbox 160 1844 1099 1923; baseline 0.001 -19"><span class='ocrx_word' id='word_1_141' title='bbox 160 1853 192 1904; x_wconf 94' lang='lat' dir='ltr'>et</span> <span class='ocrx_word' id='word_1_142' title='bbox 219 1865 386 1923; x_wconf 88' lang='lat' dir='ltr'>paucorum</span> <span class='ocrx_word' id='word_1_143' title='bbox 412 1844 525 1905; x_wconf 88' lang='lat' dir='ltr'>scelera</span> <span class='ocrx_word' id='word_1_144' title='bbox 551 1844 721 1923; x_wconf 81' lang='lat' dir='ltr'>patefacere</span> <span class='ocrx_word' id='word_1_145' title='bbox 749 1865 880 1923; x_wconf 90' lang='lat' dir='ltr'>coepere,</span> <span class='ocrx_word' id='word_1_146' title='bbox 908 1845 1051 1906; x_wconf 86' lang='lat' dir='ltr'>nobilitas</span> <span class='ocrx_word' id='word_1_147' title='bbox 1060 1847 1099 1905; x_wconf 76' lang='lat'>20</span> 
     </span>
     <span class='ocr_line' id='line_1_22' title="bbox 160 1924 1051 2005; baseline 0.001 -21"><span class='ocrx_word' id='word_1_148' title='bbox 160 1925 256 1986; x_wconf 88' lang='lat' dir='ltr'>noxia</span> <span class='ocrx_word' id='word_1_149' title='bbox 274 1933 365 2004; x_wconf 90' lang='lat' dir='ltr'>atque</span> <span class='ocrx_word' id='word_1_150' title='bbox 379 1945 414 1985; x_wconf 89' lang='lat' dir='ltr'>eo</span> <span class='ocrx_word' id='word_1_151' title='bbox 427 1924 574 2005; x_wconf 86' lang='lat' dir='ltr'>perculsa,</span> <span class='ocrx_word' id='word_1_152' title='bbox 589 1925 679 1985; x_wconf 90' lang='lat' dir='ltr'>modo</span> <span class='ocrx_word' id='word_1_153' title='bbox 699 1945 752 2004; x_wconf 90' lang='lat' dir='ltr'>per</span> <span class='ocrx_word' id='word_1_154' title='bbox 772 1926 866 1986; x_wconf 90' lang='lat' dir='ltr'>socios</span> <span class='ocrx_word' id='word_1_155' title='bbox 886 1947 922 1986; x_wconf 89' lang='lat' dir='ltr'>ac</span> <span class='ocrx_word' id='word_1_156' title='bbox 942 1947 1051 1986; x_wconf 92' lang='lat' dir='ltr'>nomen</span> 
     </span>
     <span class='ocr_line' id='line_1_23' title="bbox 161 2005 999 2086; baseline 0.002 -21"><span class='ocrx_word' id='word_1_157' title='bbox 161 2005 318 2078; x_wconf 85' lang='lat' dir='ltr'>Latinum,</span> <span class='ocrx_word' id='word_1_158' title='bbox 332 2005 485 2065; x_wconf 91' lang='lat' dir='ltr'>interdum</span> <span class='ocrx_word' id='word_1_159' title='bbox 505 2025 559 2084; x_wconf 93' lang='lat' dir='ltr'>per</span> <span class='ocrx_word' id='word_1_160' title='bbox 578 2006 695 2084; x_wconf 83' lang='lat' dir='ltr'>equites</span> <span class='ocrx_word' id='word_1_161' title='bbox 716 2005 876 2079; x_wconf 86' lang='lat' dir='ltr'>Romanos,</span> <span class='ocrx_word' id='word_1_162' title='bbox 891 2027 965 2086; x_wconf 90' lang='lat' dir='ltr'>quos</span> <span class='ocrx_word' id='word_1_163' title='bbox 985 2027 999 2067; x_wconf 89' lang='lat' dir='ltr'>s</span> 
     </span>
     <span class='ocr_line' id='line_1_24' title="bbox 160 2084 1050 2164; baseline 0.001 -18"><span class='ocrx_word' id='word_1_164' title='bbox 160 2085 311 2146; x_wconf 84' lang='lat' dir='ltr'>societatis</span> <span class='ocrx_word' id='word_1_165' title='bbox 325 2105 343 2146; x_wconf 87' lang='lat' dir='ltr'>a</span> <span class='ocrx_word' id='word_1_166' title='bbox 356 2085 444 2164; x_wconf 91' lang='lat' dir='ltr'>plebe</span> <span class='ocrx_word' id='word_1_167' title='bbox 458 2086 637 2158; x_wconf 84' lang='lat' dir='ltr'>dimoverat,</span> <span class='ocrx_word' id='word_1_168' title='bbox 651 2084 861 2146; x_wconf 80' lang='lat' dir='ltr'>Gracchorum</span> <span class='ocrx_word' id='word_1_169' title='bbox 882 2087 994 2147; x_wconf 89' lang='lat' dir='ltr'>actioni</span> <span class='ocrx_word' id='word_1_170' title='bbox 1017 2108 1050 2147; x_wconf 90' lang='lat' dir='ltr'>us</span> 
     </span>
     <span class='ocr_line' id='line_1_25' title="bbox 160 2165 1050 2246; baseline 0.001 -20"><span class='ocrx_word' id='word_1_171' title='bbox 160 2165 284 2227; x_wconf 88' lang='lat' dir='ltr'>obviam</span> <span class='ocrx_word' id='word_1_172' title='bbox 294 2167 379 2239; x_wconf 88' lang='lat' dir='ltr'>ierat,</span> <span class='ocrx_word' id='word_1_173' title='bbox 391 2175 421 2227; x_wconf 92' lang='lat' dir='ltr'>et</span> <span class='ocrx_word' id='word_1_174' title='bbox 435 2167 533 2246; x_wconf 92' lang='lat' dir='ltr'>primo</span> <span class='ocrx_word' id='word_1_175' title='bbox 543 2165 708 2239; x_wconf 87' lang='lat' dir='ltr'>Tiberium,</span> <span class='ocrx_word' id='word_1_176' title='bbox 720 2166 790 2226; x_wconf 93' lang='lat' dir='ltr'>dein</span> <span class='ocrx_word' id='word_1_177' title='bbox 801 2187 911 2246; x_wconf 92' lang='lat' dir='ltr'>paucos</span> <span class='ocrx_word' id='word_1_178' title='bbox 922 2177 989 2246; x_wconf 88' lang='lat' dir='ltr'>post</span> <span class='ocrx_word' id='word_1_179' title='bbox 1000 2188 1050 2227; x_wconf 92' lang='lat' dir='ltr'>an·</span> 
     </span>
     <span class='ocr_line' id='line_1_26' title="bbox 160 2245 1099 2326; baseline 0 -19"><span class='ocrx_word' id='word_1_180' title='bbox 160 2267 215 2307; x_wconf 91' lang='lat' dir='ltr'>nos</span> <span class='ocrx_word' id='word_1_181' title='bbox 236 2246 342 2307; x_wconf 86' lang='lat' dir='ltr'>eadem</span> <span class='ocrx_word' id='word_1_182' title='bbox 362 2247 579 2326; x_wconf 85' lang='lat' dir='ltr'>ingredientem</span> <span class='ocrx_word' id='word_1_183' title='bbox 600 2245 717 2319; x_wconf 82' lang='lat' dir='ltr'>Caium,</span> <span class='ocrx_word' id='word_1_184' title='bbox 732 2246 890 2307; x_wconf 91' lang='lat' dir='ltr'>tribunum</span> <span class='ocrx_word' id='word_1_185' title='bbox 910 2248 1049 2321; x_wconf 87' lang='lat' dir='ltr'>alterum,</span> <span class='ocrx_word' id='word_1_186' title='bbox 1060 2249 1099 2307; x_wconf 82' lang='lat'>25</span> 
     </span>
     <span class='ocr_line' id='line_1_27' title="bbox 154 2327 1049 2402; baseline 0.001 -15"><span class='ocrx_word' id='word_1_187' title='bbox 154 2327 293 2388; x_wconf 59' lang='lat' dir='ltr'>‘alterum</span> <span class='ocrx_word' id='word_1_188' title='bbox 320 2327 516 2388; x_wconf 89' lang='lat' dir='ltr'>triumvirum</span> <span class='ocrx_word' id='word_1_189' title='bbox 544 2327 668 2388; x_wconf 90' lang='lat' dir='ltr'>coloniis</span> <span class='ocrx_word' id='word_1_190' title='bbox 695 2327 891 2402; x_wconf 88' lang='lat' dir='ltr'>deducundis,</span> <span class='ocrx_word' id='word_1_191' title='bbox 913 2349 982 2389; x_wconf 92' lang='lat' dir='ltr'>curn</span> <span class='ocrx_word' id='word_1_192' title='bbox 1006 2329 1049 2388; x_wconf 89' lang='lat' dir='ltr'>M.</span> 
     </span>
     <span class='ocr_line' id='line_1_28' title="bbox 162 2406 1051 2470; baseline 0.001 -3"><span class='ocrx_word' id='word_1_193' title='bbox 162 2407 275 2469; x_wconf 86' lang='lat' dir='ltr'>Fulvio</span> <span class='ocrx_word' id='word_1_194' title='bbox 300 2406 411 2469; x_wconf 86' lang='lat' dir='ltr'>Flacco</span> <span class='ocrx_word' id='word_1_195' title='bbox 434 2408 514 2468; x_wconf 88' lang='lat' dir='ltr'>ferro</span> <span class='ocrx_word' id='word_1_196' title='bbox 538 2416 709 2469; x_wconf 79' lang='lat' dir='ltr'>necaverat.</span> <span class='ocrx_word' id='word_1_197' title='bbox 752 2408 795 2467; x_wconf 86' lang='lat' dir='ltr'>Et</span> <span class='ocrx_word' id='word_1_198' title='bbox 814 2429 886 2469; x_wconf 89' lang='lat' dir='ltr'>sane</span> <span class='ocrx_word' id='word_1_199' title='bbox 904 2408 1051 2470; x_wconf 86' lang='lat' dir='ltr'>Gracchis</span> 
     </span>
     <span class='ocr_line' id='line_1_29' title="bbox 162 2488 1050 2567; baseline -0.001 -17"><span class='ocrx_word' id='word_1_200' title='bbox 162 2488 304 2567; x_wconf 88' lang='lat' dir='ltr'>cupidine</span> <span class='ocrx_word' id='word_1_201' title='bbox 317 2489 462 2550; x_wconf 83' lang='lat' dir='ltr'>victoriae</span> <span class='ocrx_word' id='word_1_202' title='bbox 476 2488 559 2548; x_wconf 89' lang='lat' dir='ltr'>haud</span> <span class='ocrx_word' id='word_1_203' title='bbox 573 2488 645 2549; x_wconf 87' lang='lat' dir='ltr'>satis</span> <span class='ocrx_word' id='word_1_204' title='bbox 660 2489 832 2550; x_wconf 89' lang='lat' dir='ltr'>moderatus</span> <span class='ocrx_word' id='word_1_205' title='bbox 850 2490 969 2550; x_wconf 87' lang='lat' dir='ltr'>animus</span> <span class='ocrx_word' id='word_1_206' title='bbox 982 2490 1050 2550; x_wconf 84' lang='lat' dir='ltr'>fuit.</span> 
     </span>
     <span class='ocr_line' id='line_1_30' title="bbox 161 2567 1050 2649; baseline 0.001 -20"><span class='ocrx_word' id='word_1_207' title='bbox 161 2568 222 2629; x_wconf 83' lang='lat' dir='ltr'>Sed</span> <span class='ocrx_word' id='word_1_208' title='bbox 238 2567 317 2629; x_wconf 91' lang='lat' dir='ltr'>bono</span> <span class='ocrx_word' id='word_1_209' title='bbox 331 2569 412 2630; x_wconf 88' lang='lat' dir='ltr'>vinci</span> <span class='ocrx_word' id='word_1_210' title='bbox 427 2569 521 2630; x_wconf 86' lang='lat' dir='ltr'>satius</span> <span class='ocrx_word' id='word_1_211' title='bbox 535 2577 579 2630; x_wconf 88' lang='lat' dir='ltr'>est</span> <span class='ocrx_word' id='word_1_212' title='bbox 593 2590 683 2649; x_wconf 90' lang='lat' dir='ltr'>quarn</span> <span class='ocrx_word' id='word_1_213' title='bbox 705 2570 786 2630; x_wconf 92' lang='lat' dir='ltr'>malo</span> <span class='ocrx_word' id='word_1_214' title='bbox 806 2590 887 2632; x_wconf 89' lang='lat' dir='ltr'>more</span> <span class='ocrx_word' id='word_1_215' title='bbox 908 2571 1050 2649; x_wconf 89' lang='lat' dir='ltr'>injuriam</span> 
     </span>
     <span class='ocr_line' id='line_1_31' title="bbox 162 2649 1099 2729; baseline 0 -19"><span class='ocrx_word' id='word_1_216' title='bbox 162 2650 291 2710; x_wconf 87' lang='lat' dir='ltr'>vincere.</span> <span class='ocrx_word' id='word_1_217' title='bbox 333 2649 432 2729; x_wconf 86' lang='lat' dir='ltr'>Igitur</span> <span class='ocrx_word' id='word_1_218' title='bbox 446 2671 481 2710; x_wconf 86' lang='lat' dir='ltr'>ea</span> <span class='ocrx_word' id='word_1_219' title='bbox 495 2650 625 2712; x_wconf 88' lang='lat' dir='ltr'>victoria</span> <span class='ocrx_word' id='word_1_220' title='bbox 638 2650 780 2711; x_wconf 90' lang='lat' dir='ltr'>nobilitas</span> <span class='ocrx_word' id='word_1_221' title='bbox 794 2671 832 2711; x_wconf 87' lang='lat' dir='ltr'>ex</span> <span class='ocrx_word' id='word_1_222' title='bbox 847 2651 983 2712; x_wconf 90' lang='lat' dir='ltr'>lubidine</span> <span class='ocrx_word' id='word_1_223' title='bbox 996 2672 1052 2712; x_wconf 91' lang='lat' dir='ltr'>sua</span> <span class='ocrx_word' id='word_1_224' title='bbox 1060 2651 1099 2711; x_wconf 89' lang='lat'>30</span> 
     </span>
     <span class='ocr_line' id='line_1_32' title="bbox 162 2729 1050 2812; baseline 0.003 -23"><span class='ocrx_word' id='word_1_225' title='bbox 162 2749 217 2790; x_wconf 89' lang='lat' dir='ltr'>usa</span> <span class='ocrx_word' id='word_1_226' title='bbox 238 2729 348 2790; x_wconf 88' lang='lat' dir='ltr'>multos</span> <span class='ocrx_word' id='word_1_227' title='bbox 369 2731 510 2792; x_wconf 91' lang='lat' dir='ltr'>mortales</span> <span class='ocrx_word' id='word_1_228' title='bbox 530 2731 611 2792; x_wconf 88' lang='lat' dir='ltr'>ferro</span> <span class='ocrx_word' id='word_1_229' title='bbox 631 2739 685 2791; x_wconf 91' lang='lat' dir='ltr'>aut</span> <span class='ocrx_word' id='word_1_230' title='bbox 706 2731 780 2810; x_wconf 85' lang='lat' dir='ltr'>fuga</span> <span class='ocrx_word' id='word_1_231' title='bbox 800 2733 956 2803; x_wconf 83' lang='lat' dir='ltr'>exstinxit,</span> <span class='ocrx_word' id='word_1_232' title='bbox 972 2731 1050 2812; x_wconf 78' lang='lat' dir='ltr'>plus</span> 
     </span>
    </p>

    <p class='ocr_par' dir='ltr' id='par_1_6' title="bbox 162 2809 1097 3370">
     <span class='ocr_line' id='line_1_33' title="bbox 183 2809 1048 2890; baseline 0.002 -20"><span class='ocrx_word' id='word_1_233' title='bbox 183 2830 221 2871; x_wconf 91' lang='lat' dir='ltr'>ue</span> <span class='ocrx_word' id='word_1_234' title='bbox 234 2809 267 2869; x_wconf 91' lang='lat' dir='ltr'>in</span> <span class='ocrx_word' id='word_1_235' title='bbox 281 2809 431 2889; x_wconf 92' lang='lat' dir='ltr'>reliquum</span> <span class='ocrx_word' id='word_1_236' title='bbox 445 2811 503 2872; x_wconf 88' lang='lat' dir='ltr'>sibi</span> <span class='ocrx_word' id='word_1_237' title='bbox 516 2811 634 2872; x_wconf 91' lang='lat' dir='ltr'>timoris</span> <span class='ocrx_word' id='word_1_238' title='bbox 647 2831 738 2890; x_wconf 90' lang='lat' dir='ltr'>quam</span> <span class='ocrx_word' id='word_1_239' title='bbox 753 2813 904 2890; x_wconf 84' lang='lat' dir='ltr'>potentiae</span> <span class='ocrx_word' id='word_1_240' title='bbox 921 2813 1048 2872; x_wconf 87' lang='lat' dir='ltr'>addidit.</span> 
     </span>
     <span class='ocr_line' id='line_1_34' title="bbox 163 2831 1050 2971; baseline 0.001 -20"><span class='ocrx_word' id='word_1_241' title='bbox 163 2831 252 2967; x_wconf 45' lang='lat' dir='ltr'>Quae</span> <span class='ocrx_word' id='word_1_242' title='bbox 265 2911 312 2951; x_wconf 90' lang='lat' dir='ltr'>res</span> <span class='ocrx_word' id='word_1_243' title='bbox 326 2891 504 2971; x_wconf 91' lang='lat' dir='ltr'>plerumque</span> <span class='ocrx_word' id='word_1_244' title='bbox 519 2911 644 2971; x_wconf 83' lang='lat' dir='ltr'>magnas</span> <span class='ocrx_word' id='word_1_245' title='bbox 665 2892 802 2952; x_wconf 86' lang='lat' dir='ltr'>civitates</span> <span class='ocrx_word' id='word_1_246' title='bbox 820 2913 939 2970; x_wconf 89' lang='lat' dir='ltr'>pessum</span> <span class='ocrx_word' id='word_1_247' title='bbox 958 2893 1050 2964; x_wconf 92' lang='lat' dir='ltr'>dedit,</span> 
     </span>
     <span class='ocr_line' id='line_1_35' title="bbox 162 2971 1052 3051; baseline 0.002 -21"><span class='ocrx_word' id='word_1_248' title='bbox 162 2971 237 3031; x_wconf 94' lang='lat' dir='ltr'>dum</span> <span class='ocrx_word' id='word_1_249' title='bbox 265 2971 354 3032; x_wconf 89' lang='lat' dir='ltr'>alteri</span> <span class='ocrx_word' id='word_1_250' title='bbox 381 2972 491 3033; x_wconf 89' lang='lat' dir='ltr'>alteros</span> <span class='ocrx_word' id='word_1_251' title='bbox 514 2973 636 3033; x_wconf 89' lang='lat' dir='ltr'>vincere</span> <span class='ocrx_word' id='word_1_252' title='bbox 663 2972 770 3051; x_wconf 88' lang='lat' dir='ltr'>quovis</span> <span class='ocrx_word' id='word_1_253' title='bbox 793 2972 882 3033; x_wconf 91' lang='lat' dir='ltr'>modo</span> <span class='ocrx_word' id='word_1_254' title='bbox 905 2981 936 3033; x_wconf 93' lang='lat' dir='ltr'>et</span> <span class='ocrx_word' id='word_1_255' title='bbox 956 2973 1052 3034; x_wconf 88' lang='lat' dir='ltr'>victos</span> 
     </span>
     <span class='ocr_line' id='line_1_36' title="bbox 163 3051 1097 3131; baseline -0.002 -20"><span class='ocrx_word' id='word_1_256' title='bbox 163 3051 301 3112; x_wconf 87' lang='lat' dir='ltr'>acerbius</span> <span class='ocrx_word' id='word_1_257' title='bbox 328 3052 431 3113; x_wconf 88' lang='lat' dir='ltr'>ulcisci</span> <span class='ocrx_word' id='word_1_258' title='bbox 458 3052 574 3114; x_wconf 87' lang='lat' dir='ltr'>volunt.</span> <span class='ocrx_word' id='word_1_259' title='bbox 631 3052 690 3113; x_wconf 84' lang='lat' dir='ltr'>Sed</span> <span class='ocrx_word' id='word_1_260' title='bbox 719 3053 755 3112; x_wconf 91' lang='lat' dir='ltr'>de</span> <span class='ocrx_word' id='word_1_261' title='bbox 783 3053 889 3113; x_wconf 90' lang='lat' dir='ltr'>studiis</span> <span class='ocrx_word' id='word_1_262' title='bbox 916 3051 1097 3131; x_wconf 82' lang='lat' dir='ltr'>partium35</span> 
     </span>
     <span class='ocr_line' id='line_1_37' title="bbox 162 3132 1050 3211; baseline -0.001 -19"><span class='ocrx_word' id='word_1_263' title='bbox 162 3140 192 3192; x_wconf 89' lang='lat' dir='ltr'>et</span> <span class='ocrx_word' id='word_1_264' title='bbox 220 3132 316 3193; x_wconf 90' lang='lat' dir='ltr'>omnis</span> <span class='ocrx_word' id='word_1_265' title='bbox 344 3133 475 3194; x_wconf 86' lang='lat' dir='ltr'>civitatis</span> <span class='ocrx_word' id='word_1_266' title='bbox 502 3133 636 3194; x_wconf 91' lang='lat' dir='ltr'>moribus</span> <span class='ocrx_word' id='word_1_267' title='bbox 663 3133 688 3192; x_wconf 87' lang='lat' dir='ltr'>si</span> <span class='ocrx_word' id='word_1_268' title='bbox 716 3132 891 3211; x_wconf 87' lang='lat' dir='ltr'>singulatim</span> <span class='ocrx_word' id='word_1_269' title='bbox 918 3142 972 3192; x_wconf 89' lang='lat' dir='ltr'>aut</span> <span class='ocrx_word' id='word_1_270' title='bbox 996 3152 1050 3211; x_wconf 92' lang='lat' dir='ltr'>pro</span> 
     </span>
     <span class='ocr_line' id='line_1_38' title="bbox 164 3213 1051 3293; baseline -0.001 -22"><span class='ocrx_word' id='word_1_271' title='bbox 164 3213 374 3292; x_wconf 83' lang='lat' dir='ltr'>magnitudine</span> <span class='ocrx_word' id='word_1_272' title='bbox 406 3235 510 3293; x_wconf 89' lang='lat' dir='ltr'>parem</span> <span class='ocrx_word' id='word_1_273' title='bbox 544 3214 696 3285; x_wconf 89' lang='lat' dir='ltr'>disserere,</span> <span class='ocrx_word' id='word_1_274' title='bbox 727 3221 845 3292; x_wconf 92' lang='lat' dir='ltr'>tempus</span> <span class='ocrx_word' id='word_1_275' title='bbox 879 3233 970 3291; x_wconf 90' lang='lat' dir='ltr'>quam</span> <span class='ocrx_word' id='word_1_276' title='bbox 1005 3231 1051 3270; x_wconf 75' lang='lat' dir='ltr'>res</span> 
     </span>
     <span class='ocr_line' id='line_1_39' title="bbox 163 3291 1050 3370; baseline -0.005 -17"><span class='ocrx_word' id='word_1_277' title='bbox 163 3295 312 3354; x_wconf 88' lang='lat' dir='ltr'>maturius</span> <span class='ocrx_word' id='word_1_278' title='bbox 340 3314 388 3354; x_wconf 89' lang='lat' dir='ltr'>me</span> <span class='ocrx_word' id='word_1_279' title='bbox 415 3294 539 3356; x_wconf 87' lang='lat' dir='ltr'>deserat.</span> <span class='ocrx_word' id='word_1_280' title='bbox 596 3291 803 3370; x_wconf 74' lang='lat' dir='ltr'>Quamobrem</span> <span class='ocrx_word' id='word_1_281' title='bbox 830 3293 869 3351; x_wconf 86' lang='lat' dir='ltr'>ad</span> <span class='ocrx_word' id='word_1_282' title='bbox 896 3292 1050 3370; x_wconf 83' lang='lat' dir='ltr'>inceptum</span> 
     </span>
    </p>
   </div>
   <div class='ocr_carea' id='block_1_4' title="bbox 163 3373 261 3436">
    <p class='ocr_par' dir='ltr' id='par_1_7' title="bbox 163 3373 261 3436">
     <span class='ocr_line' id='line_1_40' title="bbox 163 3373 261 3436; baseline 0.02 -4"><span class='ocrx_word' id='word_1_283' title='bbox 163 3373 261 3436; x_wconf 84' lang='lat' dir='ltr'>redeo.</span> 
     </span>
    </p>
   </div>
   <div class='ocr_carea' id='block_1_5' title="bbox 0 0 1204 3692">
    <p class='ocr_par' dir='ltr' id='par_1_8' title="bbox 0 0 1204 3692">
     <span class='ocr_line' id='line_1_41' title="bbox 0 0 1204 3692; baseline 0 0"><span class='ocrx_word' id='word_1_284' title='bbox 0 0 1204 3692; x_wconf 95' lang='lat' dir='ltr'> </span> 
     </span>
    </p>
   </div>
  </div>
 </body>
</html>
