2392 3692
125 79 165 140 14
410 95 434 144 o.
454 95 632 145 satanam
653 93 772 143 earam

171 251 246 312 talia
266 260 345 311 sunt.
386 251 541 312 Postremo
560 251 692 331 corporis
705 259 735 311 et
748 251 888 311 fortunae
906 250 1055 310 bonorum

171 340 207 392 ut
227 332 348 392 initium
368 332 411 392 sic
431 331 499 392 finis
522 339 575 404 est,
595 331 756 410 omniaque
776 339 843 391 orta
863 331 1003 391 occidunt
1026 341 1058 391 et

171 421 262 473 aucta
295 421 467 472 senescunt:
513 412 631 471 animus
672 412 872 490 incorruptus,
907 421 1057 484 aeternus,

172 501 270 553 rector
297 493 424 553 humani
450 493 575 572 generis,
603 493 667 571 agit
700 501 791 571 atque
824 490 916 552 habet
946 502 1059 554 eunota

145 575 269 652 5neque
296 574 360 652 ipse
386 573 523 633 habetur.
570 573 640 649 Quo
667 573 764 650 magis
791 573 927 652 pravitas
952 594 1058 634 eorum

172 653 352 714 admiranda
386 662 439 726 est,
467 654 520 732 qui
539 653 650 713 ‘dediti
684 653 816 732 corporis
849 654 969 733 gaudiis
1002 675 1058 733 per

172 735 280 793 luxum
304 742 334 794 et
357 735 510 813 ignaviam
537 742 667 794 aetatem
695 741 799 813 agunt,
821 743 952 794 ceterum
976 735 1059 814 iuge-

171 814 266 888 nium‚
288 835 347 893 quo
375 834 471 893 neque
499 813 606 874 melius
632 834 730 893 neque
757 814 886 894 amplius
912 814 998 875 aliud
1025 817 1058 873 in

172 903 283 954 natura
304 895 478 954 mortalium
500 903 552 965 est,
575 893 694 954 incultu
719 903 810 974 atque
836 895 972 957 sooordia
998 905 1059 955 tor-

125 975 163 1034 10
172 995 291 1054 pesoere
303 975 415 1048 sinunt,
427 996 496 1035 eum
507 975 684 1114 praesertim
694 984 758 1035 tam
773 975 886 1035 multae
896 976 1059 1054 variaeque

172 1056 232 1116 siut
246 1063 324 1115 artes
338 1056 440 1128 animi,
454 1055 508 1133 qui
529 1075 565 1115 us
578 1075 697 1115 summa
710 1055 859 1117 claritudo
871 1065 1007 1135 paratur.

212 1137 240 1198 3.
263 1135 380 1196 Verum
394 1155 433 1196 ex
447 1135 489 1195 eis
508 1156 558 1195 ma
578 1137 702 1196 istratus
715 1145 745 1196 et
758 1136 894 1216 imperia,
908 1145 1059 1215 postremo

173 1217 267 1276 omnis
295 1236 368 1277 eura
394 1236 496 1276 rerum
524 1158 717 1296 pullioarum
744 1217 878 1277 minume
901 1216 977 1276 mihi
1000 1217 1059 1277 hae

171 1304 348 1376 tempestate
393 1297 547 1376 cupiunda
588 1298 741 1371 videntur,
775 1298 918 1376 quoniam
960 1318 1059 1376 neque

125 1376 162 1435 15
172 1377 280 1437 virtuti
300 1376 394 1437 honos
415 1378 515 1452 datur,
528 1398 626 1457 neque
644 1378 701 1450 illi,
720 1377 829 1457 quibus
846 1398 901 1458 per
918 1377 1057 1438 fraudem

170 1457 195 1516 is
209 1457 278 1527 fuit,
291 1458 352 1517 tuti
367 1467 420 1518 aut
434 1479 468 1520 eo
482 1459 577 1538 magis
596 1459 713 1519 honesti
732 1468 811 1519 sunt.
853 1458 935 1518 Nam
948 1459 981 1519 vi
995 1460 1058 1537 qni-

171 1537 239 1597 dem
267 1558 369 1617 regere
396 1540 528 1619 patriam
561 1548 615 1599 aut
635 1548 789 1619 parentes,
816 1558 1001 1618 quamquam
1028 1549 1058 1600 et

170 1618 264 1696 possis
287 1628 317 1679 et
342 1619 452 1681 delicta
480 1621 620 1700 corrigas,
640 1629 743 1680 tamen
769 1620 978 1698 importunum
1005 1629 1057 1693 est,

171 1719 240 1758 eum
267 1702 442 1778 praesertim
471 1721 572 1762 omnes
599 1721 700 1761 rerum
724 1700 905 1760 mutationes
927 1701 1057 1774 caedem,

123 1779 161 1839 20
170 1779 284 1858 fugam,
299 1780 419 1860 aliaque
439 1781 560 1842 hostilia
580 1781 771 1860 portendant.
812 1779 942 1841 Frustra
955 1789 1057 1842 autem

170 1861 228 1920 niti
247 1881 346 1940 neque
365 1861 449 1922 aliud
470 1883 500 1923 se
520 1862 678 1941 fatigando
698 1862 757 1921 nisi
777 1861 880 1921 odium
904 1881 1056 1940 quaerere,

170 1949 323 2002 extremae
342 1943 509 2003 dementiae
529 1951 581 2003 est.
623 1941 691 2002 Nisi
704 1942 782 2002 forte
796 1962 885 2021 quem
899 1942 1057 2003 inhonesta

170 2030 200 2081 et
213 2023 380 2101 perniciosa
393 2023 498 2084 lubido
516 2031 607 2096 tenet,
621 2023 773 2102 potentiae
787 2042 953 2101 pauoorum
968 2023 1057 2084 decus
1099 2103 1103 2110 Ι

170 2110 260 2180 atque
275 2103 445 2165 libertatem
459 2124 544 2164 suam
558 2103 731 2184 gratificari.

123 2183 160 2242 25
209 2183 237 2244 4.
260 2182 400 2244 Ceterum
425 2205 464 2245 ex
488 2185 555 2245 aliis
577 2184 715 2263 negotiis,
736 2204 814 2263 quae
833 2184 954 2263 ingenio
973 2204 1056 2244 exer·

170 2272 285 2338 centur,
307 2265 339 2324 in
366 2265 470 2344 primis
496 2285 606 2344 magno
630 2265 698 2325 usui
720 2273 764 2324 est
788 2265 932 2325 memoria
955 2284 1054 2324 rerum

169 2353 338 2423 gestarum:
374 2347 459 2425 cujus
493 2345 531 2406 de
566 2345 678 2406 virtute
712 2345 785 2424 quia
818 2343 908 2405 multi
942 2345 1055 2417 dixere,

169 2426 421 2504 praetereundum
442 2434 525 2505 puto,
539 2425 629 2485 simul
649 2446 688 2485 ue
708 2445 762 2504 per
781 2425 971 2485 insolentiam
990 2427 1056 2504 quis

170 2506 332 2567 existumet
358 2515 468 2566 memet
495 2507 629 2566 studium
657 2525 759 2565 meum
785 2504 939 2566 laudando
962 2506 1055 2566 extol-

122 2587 240 2646 301ere.
281 2587 386 2666 Atque
400 2608 455 2667 ego
469 2587 558 2647 credo
571 2587 635 2647 sore
649 2586 711 2665 qui,
726 2585 798 2664 quia
815 2586 935 2647 decrevi
948 2587 1054 2665 procul

170 2687 189 2726 a
216 2687 248 2727 re
275 2668 399 2746 publica
433 2676 563 2728 aetatem
598 2687 696 2746 agere,
724 2675 809 2726 tanto
836 2674 959 2745 tamque
986 2667 1054 2727 utili

169 2745 266 2806 labori
287 2769 353 2809 meo
373 2769 482 2809 nomen
501 2748 628 2808 inertiae
654 2747 821 2826 imponant,
843 2755 923 2808 oerte
946 2746 1054 2825 quibus

170 2846 315 2888 maxuma
335 2829 483 2890 industria
504 2829 626 2889 videtur
646 2829 779 2887 salutare
799 2827 918 2906 plebem
937 2836 968 2888 et
988 2849 1054 2888 oon·

169 2907 259 2968 viviis
286 2909 416 2987 gratiam
443 2929 594 2988 quaerere.
637 2909 701 2985 Qui
727 2928 753 2968 sr
779 2907 998 2987 reputaverint,
1025 2919 1054 2968 et

122 2987 279 3066 atquibus
300 3009 355 3067 ego
375 2989 560 3068 temporibus
581 2989 774 3067 magistratus
795 2989 922 3068 adeptus
942 2989 1008 3062 sim,
1025 2998 1055 3049 et

170 3067 273 3144 quales
287 3069 346 3127 viri
360 3069 440 3128 idem
454 3069 577 3147 adsequi
591 3069 791 3146 nequiverint,
805 3078 835 3129 et
856 3079 958 3148 postea
978 3090 1054 3147 quae

170 3165 280 3222 genera
304 3147 459 3205 hominum
486 3149 518 3206 in
541 3156 679 3207 senatum
700 3149 901 3227 pervenerint,
922 3149 1054 3227 proferto

170 3224 398 3284 existumabunt
419 3246 466 3284 me
486 3227 581 3304 magis
602 3228 708 3287 merito
726 3248 817 3304 quam
837 3229 959 3306 ignavia
975 3231 1054 3308 judi·
1075 3245 1079 3248 ’

173 3303 253 3361 oium
280 3304 374 3362 animi
401 3305 460 3362 mei
486 3306 658 3377 mutavisse,
681 3307 838 3385 majusque
865 3309 1054 3369 commodum

1113 1728 1117 1733 .
