2392 3692
116 141 159 204 20
406 156 433 206 c.
452 155 630 208 ssarusrr
652 156 771 207 crrsrr

164 315 197 375 in
221 315 288 377 loca
311 317 481 396 propinqua
508 317 656 378 thesauris
683 317 761 378 alius
788 317 848 378 alio
875 339 1052 382 concessere

164 395 224 457 Sed
245 397 405 478 Hiempsal
426 398 458 458 in
478 399 589 478 oppido
609 398 768 458 Thirmida
783 398 862 459 forte
881 400 945 479 ejus
965 400 1054 462 domo

165 477 317 550 utebatur,
349 479 401 557 qui
436 499 603 559 proxumus
636 479 725 540 lictor
758 479 932 558 Jugurthae
966 501 1054 542 carus

165 568 364 638 acceptusque
398 559 425 619 ei
459 580 575 639 semper
609 559 727 633 fuerat;
768 580 857 638 quem
896 560 948 620 ille
983 582 1052 623 casu

137 639 336 699 5nrinistrum
364 639 501 699 oblatum
529 639 682 718 promissis
715 649 821 701 onerat
854 640 1053 720 impellitque,

165 719 210 779 uti
238 728 393 798 tamquam
421 739 506 780 suam
533 721 633 781 visens
660 720 783 781 domum
810 730 869 794 eat,
885 730 1053 800 portarum

164 799 264 860 claves
298 799 484 860 adulterinas
517 810 716 880 paret-nam
743 818 834 863 verae
860 802 899 862 ad
927 802 1053 882 Hiemp-

164 879 257 939 salem
289 879 681 955 referebantur—ceterum,
709 881 762 942 ubi
796 902 843 942 res
876 882 1052 960 postularet,

164 980 195 1020 se
221 960 320 1039 ipsum
349 982 418 1021 cum
445 982 495 1021 ma
516 983 556 1022 na
582 983 675 1022 manu
703 970 875 1023 venturum.
916 961 1053 1023 Numida

118 1041 156 1100 10
165 1041 310 1101 mandata
330 1040 416 1102 brevi
437 983 558 1103 condcit
579 1052 679 1122 atque,
693 1043 739 1103 uti
752 1043 859 1104 doctus
872 1052 947 1116 erat,
961 1053 1052 1104 noctu

164 1120 459 1200 Jugurthaemilites
468 1123 642 1184 introducit.
685 1123 1053 1203 Quipostquaminaedes

165 1200 310 1280 irrupere,
331 1202 443 1263 divorsi
463 1224 564 1282 regem
586 1224 738 1283 quaerere,
759 1204 941 1264 dormientes
968 1205 1052 1279 alios,

164 1281 239 1343 alios
266 1292 456 1344 occursantes
483 1284 660 1356 interficere,
687 1285 817 1346 'scrutari
844 1284 911 1346 loca
937 1283 1051 1359 abdita,

165 1362 269 1423 clausa
282 1364 448 1443 effringere,
459 1365 586 1443 strepitu
601 1374 631 1425 et
644 1365 780 1425 tumultu
795 1366 896 1425 omnia
910 1365 1051 1440 miscere3

117 1444 155 1503 15
165 1464 233 1504 cum
244 1445 365 1505 interim
377 1444 537 1525 Hiempsal
551 1446 702 1525 reperitur
715 1445 870 1508 occultans
884 1466 915 1506 se
929 1447 1051 1526 tugurio

164 1524 299 1585 mulieris
312 1525 451 1599 ancillae,
466 1547 526 1605 quo
544 1525 632 1586 initio
648 1527 778 1606 pavidus
798 1535 829 1587 et
849 1526 973 1605 ignarus
993 1527 1052 1588 loci

163 1605 346 1685 perfugerat.
388 1605 541 1667 Numidae
555 1615 647 1686 caput
661 1608 733 1686 ejus,
747 1607 793 1667 uti
810 1607 888 1686 jussi
901 1617 997 1680 erant,
1011 1609 1051 1669 ad

164 1685 352 1766 Jugurtham
368 1687 511 1747 referunt.

203 1769 248 1830 13.
271 1767 412 1828 Ceterum
446 1767 528 1827 fama
562 1768 641 1828 tanti
675 1767 816 1829 facinoris
846 1788 901 1848 per
933 1789 1051 1830 omnem

115 1847 154 1909 20
163 1847 302 1911 Africam
323 1847 410 1909 brevi
429 1847 611 1928 divolgatur.
652 1848 860 1910 Adherbalem
881 1869 1051 1929 omnesque,

163 1931 215 2008 qui
242 1929 299 1990 sub
327 1929 453 2009 imperio
481 1929 628 2008 Micipsae
655 1929 784 2002 fuerant,
812 1938 910 1990 metus
924 1931 1051 1991 invadit.

164 2010 201 2070 In
223 2009 298 2070 duas
319 2019 420 2088 partes
441 2009 600 2070 discedunt
620 2009 790 2071 Numidae:
811 2010 913 2089 plures
931 2009 1052 2071 Adher·

163 2090 262 2150 balem
277 2099 454 2168 sequuntur,
469 2090 520 2150 sed
541 2089 630 2149 illum
651 2089 782 2151 alterum
803 2089 884 2152 bello
904 2090 1049 2152 meliores.

164 2171 264 2250 Igitur
285 2171 443 2251 Jugurtha
463 2191 554 2250 quam
576 2191 736 2232 maxumas
756 2180 854 2251 potest
877 2172 979 2250 copias
1005 2193 1051 2233 ar·

115 2253 235 2324 idmst,
258 2251 348 2312 urbes
371 2253 484 2332 partim
504 2252 546 2324 vi,
567 2251 644 2312 alias
664 2251 823 2314 voluntate
845 2253 972 2332 imperio
996 2274 1052 2314 suo

163 2333 312 2412 adjungit,
334 2334 417 2393 omni
437 2332 602 2393 Numidiae
622 2333 770 2412 imperare
794 2343 892 2413 porat.
932 2332 1051 2394 Adher-

162 2412 223 2486 bal,
244 2414 363 2474 tametsi
388 2412 517 2474 Romam
543 2413 657 2493 legatos
684 2413 814 2486 miserat,
836 2415 889 2494 qui
913 2423 1050 2475 senatum

162 2493 304 2554 docerent
332 2494 369 2553 de
397 2495 488 2555 caede
515 2493 618 2555 fratris
645 2504 675 2555 et
701 2493 831 2554 fortunis
858 2495 927 2568 suis,
947 2503 1050 2556 tamen

163 2574 258 2634 fretus
272 2573 467 2635 multitudine
476 2574 608 2635 militurn
617 2573 746 2654 parabat
760 2575 852 2636 armis
863 2575 1050 2637 contendere

115 2655 153 2714 30
162 2655 221 2716 Sed
242 2654 296 2716 ubi
317 2676 364 2716 res
391 2655 430 2715 ad
458 2665 610 2716 certamen
632 2654 725 2729 venit,
746 2656 845 2717 victus
871 2676 910 2716 ex
937 2655 1051 2735 proelio

163 2736 298 2816 profugit
312 2736 345 2797 in
358 2736 547 2815 provinciam
563 2757 599 2798 ac
613 2737 722 2798 deinde
736 2735 866 2797 Romam
887 2736 1050 2798 contendit.

163 2818 241 2877 Tum
266 2816 424 2896 Jugurtha
451 2818 579 2896 patratis
606 2817 746 2890 consiliis,
769 2826 928 2896 postquam
955 2817 1051 2877 omnis

163 2897 327 2958 Numidiae
354 2897 535 2978 potiebatur,
563 2899 595 2958 in
623 2899 685 2959 otio
712 2899 828 2959 facinus
862 2918 950 2959 suum
980 2917 1050 2958 curn

163 2979 264 3039 animo
285 2987 438 3058 reputans,
458 2979 563 3039 timere
584 2979 731 3058 populum
756 2979 929 3038 Romanurn
952 2998 1051 3057 neque

116 3059 154 3118 35
163 3061 309 3120 advorsus
330 3060 407 3119 iram
427 3060 492 3138 ejus
512 3079 640 3139 usquam
661 3060 718 3120 nisi
739 3060 771 3119 in
791 3059 922 3121 avaritia
945 3058 1051 3119 nobili-

163 3141 234 3199 tatis
254 3148 284 3200 et
305 3140 434 3218 pecunia
460 3160 515 3200 sua
542 3161 625 3218 spem
652 3139 772 3200 habere.
814 3139 923 3220 Itaque
946 3139 1052 3218 paucis

163 3219 269 3280 diebus
290 3239 358 3280 cum
380 3240 455 3280 auro
475 3228 506 3280 et
526 3230 652 3299 argento
672 3220 769 3280 multo
787 3219 918 3280 Romam
937 3219 1052 3299 legatos

164 3299 266 3372 mittit,
288 3301 355 3378 quis
382 3301 539 3379 praecipit,
564 3301 697 3378 primum
723 3300 770 3360 uti
797 3310 912 3362 veteres
939 3301 1051 3362 amicos

163 3379 338 3440 muneribus
365 3380 517 3460 expleant,
539 3381 648 3441 deinde
674 3399 767 3442 novos
793 3381 966 3460 adquirant,
986 3402 1050 3461 pos
