2392 3692
336 133 390 184 nn
412 133 690 185 commemoras
715 134 921 185 carloman
1035 119 1097 182 119

163 302 305 357 caturum
319 293 357 355 de
371 293 585 373 conjuratione,
598 293 624 353 si
642 292 716 354 fides
731 292 855 373 publica
874 293 948 355 data
967 302 1052 366 esset,

167 376 269 454 jussus
296 395 315 435 a
341 375 463 435 consule
490 395 568 454 quac
593 374 683 435 sciret
710 374 835 447 edicere,
857 374 962 434 eadem
989 374 1052 434 fere

163 475 243 534 quae
256 454 442 529 Volturcius,
463 456 500 517 de
520 455 635 535 paratis
655 455 809 528 incendiis,
830 454 869 515 de
889 454 980 515 caede
1001 454 1051 515 bo

163 556 282 609 norum,
296 535 334 597 de
347 536 455 597 itinere
468 536 601 597 hostium
621 544 758 596 senatum
773 535 877 608 docet;
897 543 1054 614 praeterea

162 636 195 676 se
214 616 336 676 missum
358 636 377 676 a
397 616 441 677 M.
456 616 571 689 Crasse,
586 617 639 695 qui
659 615 810 677 Catilinae
830 616 993 687 nuntiaret,
1013 636 1052 675 ne
1080 616 1099 675 b

162 716 233 756 eum
254 695 403 757 Lentulus
423 705 454 757 et
474 696 626 776 Cethegus
648 696 762 790 aliique
785 716 824 757 ex
846 697 1053 776 conjuratione

163 776 341 855 deprehensi
355 785 511 850 terrerent,
524 796 620 856 ecque
637 798 734 856 magis
749 786 924 856 properaret
944 777 984 836 ad
1004 797 1052 836 ur·

163 856 233 917 bem
247 857 396 929 accedere,
410 877 470 936 quo
490 866 521 918 et
541 866 710 919 ceterorum
730 858 846 918 animos
866 857 1001 918 reficeret
1021 865 1052 917 et

163 936 212 996 illi
225 934 344 998 facilius
357 958 374 997 e
387 938 520 1017 periculo
534 938 730 1017 eriperentur.
772 937 832 997 Sed
852 936 906 997 ubi
926 936 1051 1016 Tarqui-

162 1018 232 1077 nius
252 1016 393 1078 Crassum
414 1020 590 1092 nominavit‚
612 1019 765 1079 hominem
785 1018 925 1090 nobilem,
946 1020 1098 1079 maxu-lb

162 1098 221 1158 mis
241 1098 364 1171 divitiis,
384 1118 502 1159 summa
521 1099 665 1179 potentia,
687 1099 740 1159 alii
760 1118 824 1159 rem
844 1098 1051 1159 incredibilem

162 1178 233 1251 rati,
254 1199 324 1257 pars
344 1180 463 1240 tametsi
480 1200 588 1242 verum
609 1178 842 1250 existumabant,
856 1188 959 1238 tamen
979 1179 1052 1257 quia

162 1259 197 1319 in
217 1258 273 1320 tali
293 1267 427 1339 tempore
453 1268 540 1320 tanta
563 1260 611 1322 vis
634 1259 764 1320 hominis
787 1260 884 1338 magis
907 1259 1052 1319 leniunda

162 1360 256 1419 quam
276 1340 460 1419 exagitanda
472 1340 645 1412 videbatur,
659 1339 795 1419 plerique
815 1340 922 1400 Crasso
942 1360 982 1399 ex
1001 1360 1051 1400 ne

162 1420 253 1499 gotiis
273 1420 399 1499 privatis
419 1420 552 1494 obnoxii,
574 1421 765 1481 conclamant
788 1420 919 1481 indicem
940 1420 1051 1479 falsum
1061 1420 1098 1479 15

161 1520 234 1573 esse,
258 1499 355 1579 deque
378 1520 414 1561 ea
437 1521 470 1561 re
493 1500 650 1580 postulant
674 1502 719 1561 uti
744 1501 901 1561 referatur.
943 1499 1051 1577 Itaque

162 1580 339 1643 consulente
355 1579 500 1642 Cicerone
519 1581 660 1661 frequens
679 1591 801 1641 senatus
821 1581 964 1652 decemit‚
978 1580 1051 1640 Tar-

161 1661 248 1741 quini
276 1661 420 1722 indicium
447 1662 558 1722 falsum
583 1662 689 1735 videri,
712 1682 842 1741 eumque
865 1662 897 1720 in
921 1661 1052 1722 vinculis

162 1741 363 1814 retinendum,
388 1762 484 1821 neque
508 1741 638 1822 amplius
665 1751 843 1821 potestatem
867 1742 1050 1815 faciundam,

161 1822 220 1882 nisi
234 1822 272 1882 de
285 1842 320 1882 eo
333 1822 490 1896 indicaret,
504 1823 590 1902 cujus
611 1823 734 1884 consilio
753 1831 870 1883 tantam
891 1842 955 1882 rem
976 1833 1051 1882 esset
1061 1822 1097 1881 20

162 1903 313 1963 mentitus.
356 1902 456 1963 Erant
475 1924 510 1963 co
530 1912 674 1981 tempore,
695 1904 748 1981 qui
768 1904 987 1963 existumarent
1006 1903 1051 1962 in-

161 1982 276 2045 dicium
290 1981 368 2043 illud
382 2004 400 2043 a
414 1983 449 2043 P.
464 1982 617 2065 Autronio
631 1984 846 2057 machinatum,
857 2004 918 2062 quo
932 1982 1051 2043 facilius

161 2084 181 2124 a
202 2062 315 2142 pellato
342 2062 449 2125 Crasso
476 2084 530 2143 per
556 2064 727 2124 societatem
761 2064 887 2143 periculi
921 2063 1052 2144 reliquos

161 2084 245 2204 illius
263 2143 397 2223 potentia
417 2152 538 2223 tegeret.
580 2143 647 2204 Alii
661 2142 860 2224 Tarquinium
873 2166 893 2205 a
907 2144 1051 2205 Cicerone
1078 2204 1085 2212 ,

162 2224 328 2284 immissum
356 2223 486 2296 aiebant,
511 2245 549 2284 ne
576 2222 701 2284 Crassus
728 2246 810 2285 more
836 2246 890 2285 suo
913 2246 997 2286 susce
1019 2224 1098 2286 t025

162 2304 312 2364 malorum
325 2304 492 2383 patrocinio
506 2324 570 2365 rem
584 2304 738 2384 publicam
758 2305 959 2367 conturbaret.
998 2247 1050 2384 lp

162 2404 229 2445 sum
250 2383 391 2444 Crassum
411 2405 466 2463 ego
487 2394 589 2463 postea
609 2386 833 2465 praedicantem
853 2386 968 2458 audivi,
984 2395 1049 2446 tan-

161 2473 226 2525 tam
239 2464 325 2524 illam
340 2464 553 2525 contumeliam
566 2465 624 2526 sibi
637 2465 677 2526 ab
691 2465 836 2527 Cicerone
850 2467 1029 2546 impositam.

202 2545 253 2607 49.
276 2544 335 2605 Sed
355 2544 449 2606 Isdem
469 2546 655 2626 temporibus
672 2547 711 2624 Q.
726 2546 854 2607 Catulus
874 2556 904 2607 et
924 2547 957 2607 C.
980 2547 1049 2607 Piso

162 2646 259 2705 neque
273 2625 410 2704 precibus
424 2646 521 2705 neque
535 2627 632 2705 pretio
645 2648 742 2705 neque
755 2628 863 2707 gratia,
874 2627 1048 2688 Ciceronem
1059 2626 1097 2685 30

162 2705 316 2785 impellere
329 2715 461 2786 potuere,
476 2707 522 2767 uti
535 2728 590 2786 per
603 2707 783 2786 Allobroges
797 2716 851 2768 aut
865 2708 959 2768 alium
973 2708 1049 2767 indi-

162 2806 227 2847 cem
237 2784 271 2847 C.
282 2786 393 2847 Caesar
403 2785 479 2847 falso
489 2788 705 2848 nominaretur.
747 2788 829 2848 Nam
839 2797 966 2866 uterque
979 2810 1049 2849 cum

162 2866 216 2927 illo
242 2887 349 2945 graves
375 2866 548 2928 inimicitias
575 2868 775 2940 exercebant3
803 2868 872 2929 Piso
896 2888 1048 2949 oppugna·

162 2955 210 3007 tus
237 2947 269 3006 in
292 2947 407 3027 judicio
434 2948 631 3027 pecuniarum
663 2950 898 3027 repetundarum
925 2958 1049 3029 propter

162 3027 318 3106 cujusdam
338 3027 547 3107 Transpadani
567 3028 750 3108 supplicium
770 3030 933 3108 injustum3
958 3027 1095 3089 Catu-35

162 3107 210 3167 lus
236 3128 275 3168 ex
302 3109 445 3188 petitione
478 3108 670 3189 pontificatus
698 3110 766 3170 odio
793 3110 939 3181 incensus,
967 3108 1047 3187 quod

161 3196 298 3249 extrema
310 3197 417 3261 aetate,
432 3190 582 3250 maxumis
603 3190 765 3251 honoribus
779 3210 858 3261 usus,
872 3190 912 3249 ab
931 3188 1047 3248 adules-

163 3268 284 3330 centulo
303 3268 430 3330 Caesare
450 3270 550 3330 victus
570 3271 751 3330 discesserat.
794 3270 854 3327 Res
875 3278 976 3326 autem
997 3290 1046 3343 op

162 3349 485 3429 portunaxvidebatur,
509 3350 588 3428 quod
613 3350 638 3407 is
662 3348 806 3426 privatim
830 3346 949 3422 egregia
975 3345 1047 3404 libe
