2392 3692
112 109 154 173 66
400 121 623 174 ussurusrr
644 121 764 172 0121er
830 169 832 173 ,

158 303 193 344 eo
214 280 351 343 cohortes
375 280 526 360 Ligurum
547 288 692 360 quattuor
711 289 743 341 et
763 279 797 341 C.
818 279 942 342 Annius
965 302 1047 362 prae

158 363 262 424 fectus.
557 416 563 430 ,

200 441 306 505 78,Ιά
330 441 476 521 oppidum
499 440 539 502 ab
563 440 696 502 Sidoniis
720 441 875 501 eonditum
899 451 954 514 est,
975 463 1048 522 quos

158 523 327 602 accepimus
348 522 490 602 profugos
503 521 542 582 ob
556 521 720 583 discordias
742 520 846 582 civiles
866 522 996 584 navibus
1017 524 1048 582 in

130 606 206 666 5eos
226 604 304 664 locos
326 603 457 675 venisse;
473 610 606 663 ceterum
626 602 719 662 situm
738 602 818 662 inter
838 603 914 662 duas
934 603 1047 682 Syrtes,

158 682 267 763 quibus
287 704 396 744 nomen
410 704 448 744 ex
462 703 495 743 re
509 683 666 743 inditum·
691 681 775 743 Nam
794 682 856 743 duo
875 692 947 744 sunt
966 685 1047 744 sinus

157 785 251 844 prope
265 765 296 824 in
310 773 447 825 extrema
460 763 578 837 Africa,
593 764 723 842 impares
743 764 962 842 magnitudino,
982 765 1047 844 pari

157 855 285 917 natura;
306 865 434 923 quorum
455 864 606 923 proxuma
626 852 725 905 terrae
745 843 884 938 praealta
902 853 983 918 sunt,
1004 865 1047 905 oe

157 936 232 998 tera,
246 925 292 985 uti
313 925 373 986 fors
393 924 474 997 tulit,
495 924 559 985 alta
580 924 651 997 alia,
672 924 733 985 alia
752 945 785 984 m
805 933 984 1005 tempestate
997 947 1048 986 va-

111 1007 148 1066 10
157 1007 237 1066 dosa.
279 1005 361 1066 Nam
375 1004 429 1065 ubi
443 1025 526 1066 mare
539 1025 684 1084 magnum
699 1025 761 1066 esse
774 1013 805 1066 et
818 1006 934 1066 saevire
948 1007 1046 1068 ventis

158 1087 264 1166 coepit,
286 1086 393 1146 limum
416 1105 600 1165 arenamque
624 1094 655 1147 et
678 1106 754 1147 saxa
777 1086 913 1165 ingentia
937 1086 1048 1148 fluctus

157 1168 301 1240 trahunt;
322 1168 366 1227 ita
379 1166 470 1226 facies
483 1166 618 1228 locorum
639 1188 709 1227 oum
723 1166 821 1228 ventis
840 1166 930 1226 simul
950 1176 1048 1228 muta

158 1257 218 1309 tur.
259 1246 363 1327 Syrtes
390 1246 429 1306 ab
457 1255 557 1308 tractu
585 1247 767 1308 nominatae.
809 1247 885 1326 Ejus
916 1248 1048 1309 civitatis

158 1329 263 1408 lingua
283 1329 372 1388 modo
392 1348 538 1389 convorsa
559 1327 687 1389 conubio
708 1326 923 1401 Numidarum,
944 1327 1047 1407 legum

111 1411 148 1469 15
158 1409 317 1488 cultusque
331 1408 475 1488 pleraque
496 1408 654 1482 Sidonioa;
668 1429 746 1489 quae
759 1429 794 1468 ao
807 1408 927 1470 facilius
941 1410 1048 1469 retine

159 1491 241 1562 bant,
256 1490 337 1568 quod
351 1489 457 1568 procul
471 1487 510 1550 ab
525 1489 651 1569 imperio
665 1489 743 1568 regis
757 1498 888 1550 aetatem
907 1489 1047 1568 agebant

158 1571 244 1631 Inter
264 1570 331 1631 illos
353 1579 383 1630 et
403 1569 591 1650 frequentem
608 1568 787 1629 Numidiam
804 1569 895 1630 multi
908 1571 1048 1648 vastique

158 1652 216 1714 looi
230 1660 324 1712 erant.

200 1734 246 1795 79.
268 1731 328 1792 Sed
349 1731 492 1810 quoniam
514 1731 546 1791 in
570 1751 620 1791 eas
643 1730 778 1810 regiones
798 1750 852 1810 per
872 1731 1048 1810 Leptitana

110 1815 228 1876 20rum
248 1813 370 1892 negotia
390 1811 537 1884 venimus,
557 1832 619 1871 non
643 1811 803 1891 indignum
823 1811 946 1872 videtur
965 1832 1048 1890 egre·

159 1895 242 1974 gium
263 1903 354 1972 atque
375 1892 515 1952 mirabile
535 1891 653 1952 facinus
672 1891 803 1951 duorum
820 1891 1049 1971 Carthaginien·

149 1976 238 2042 ¹sium
249 1994 431 2034 memorare:
447 1994 513 2033 eam
524 1993 587 2033 rem
602 1993 656 2032 nos
669 1971 753 2033 loous
766 1972 933 2033 admonuit.
975 1973 1049 2048 Qua

32 2073 34 2078 ·
68 2103 71 2108 .
158 2063 335 2134 tempestate
349 2053 614 2133 Carthaginienses
635 2051 780 2132 pleraque
799 2052 908 2113 Africa
928 2053 970 2112 im
1010 2054 1049 2112 ri·

159 2134 275 2208 tabant,
303 2134 488 2214 Cyrenenses
515 2154 634 2214 quoque
661 2133 766 2212 magui
792 2141 884 2211 atque
911 2153 970 2213 opu
984 2135 1049 2194 enti

111 2216 252 2277 25fuere.
294 2213 379 2294 Ager
399 2215 431 2274 in
452 2215 551 2274 medio
572 2234 722 2285 arenosus,
737 2233 800 2273 una
815 2215 928 2292 speeie:
950 2234 1049 2295 neque

158 2297 272 2356 flumen
292 2315 390 2374 neque
411 2316 495 2356 mons
515 2304 589 2368 erat,
611 2295 663 2374 qui
683 2294 757 2354 lines
777 2315 880 2354 eorum
901 2295 1048 2378 discerne·

158 2386 221 2439 ret:
244 2396 381 2455 quaeres
398 2395 447 2436 eos
463 2376 496 2435 in
512 2395 623 2454 magno
643 2376 847 2455 diuturnoque
867 2374 948 2435 bello
967 2375 1049 2436 inter

157 2480 188 2519 se
201 2457 317 2517 habuit.
359 2456 524 2535 Postquam
538 2456 690 2536 utrimque
704 2455 845 2534 legiones,
856 2455 929 2516 item
940 2456 1049 2516 classes

157 2559 245 2618 saepe
271 2539 356 2598 fusae
382 2537 573 2616 fugataeque
601 2545 631 2596 et
658 2536 747 2596 alteri
774 2535 885 2596 alteros
911 2535 1049 2616 aliquan-

110 2620 149 2680 30
158 2629 224 2680 tum
251 2619 440 2691 attriverant,
461 2617 552 2678 veriti
580 2636 618 2676 ne
646 2637 717 2676 mox
741 2616 837 2678 victos
860 2617 1050 2696 victoresque

159 2700 287 2760 defessos
320 2699 397 2758 alius
431 2697 655 2777 aggrederetur,
682 2717 737 2775 per
770 2697 904 2758 indutias
936 2698 1050 2776 sponsi-

158 2801 245 2840 onem
266 2778 390 2850 faciunt,
411 2778 457 2837 uti
481 2787 562 2838 oerto
583 2777 633 2838 die
654 2776 747 2855 legati
771 2777 859 2838 domo
883 2778 1050 2856 proficisce-

158 2869 280 2920 rentur:
303 2858 415 2937 quoin
436 2858 501 2918 loeo
522 2859 600 2918 inter
620 2878 651 2918 se
672 2857 753 2918 obvii
774 2857 948 2930 fuissent‚is
969 2879 1049 2918 oom-

158 2939 258 3000 munis
290 2939 447 3017 utriusque
481 2938 585 3017 populi
619 2938 687 2998 finis
721 2937 892 3004 haberetur.
947 2937 1050 3018 Igitur
1165 3012 1168 3017 Ι

110 3023 148 3081 35
158 3019 343 3098 Carthagine
364 3019 425 3079 duo
445 3019 554 3079 fratres
574 3017 665 3090 missi,
680 3018 789 3096 quibus
805 3039 915 3079 nomen
928 3019 1050 3080 Philae-

157 3103 204 3162 nis
224 3109 298 3172 erat,
319 3109 511 3161 maturavere
531 3099 589 3158 iter
609 3118 741 3177 pergere.
783 3099 967 3178 Cyrenenses
987 3108 1050 3159 tar·

158 3182 226 3241 dius
247 3181 316 3239 iere.
358 3180 396 3239 Id
420 3179 594 3239 socordiane
615 3198 655 3236 an
675 3199 746 3238 casu
767 3179 920 3251 acciderit,
937 3199 1051 3258 parum

158 3259 295 3337 cognovi.
350 3257 492 3318 Ceterum
525 3258 601 3317 solet
634 3257 667 3315 in
700 3258 761 3317 illis
788 3258 861 3319 locis
887 3268 1051 3338 tempestas

159 3339 241 3397 haud
265 3357 349 3397 secus
374 3346 464 3415 atque
485 3337 517 3394 in
538 3336 616 3395 mari
636 3336 773 3397 retinere.
814 3338 896 3399 Nam
918 3339 971 3404 ubi
994 3361 1050 3420 per
