2392 3692
435 177 486 226 uu
505 177 625 226 ammo
646 174 916 227 Jueuarmrro:
1086 158 1129 224 te

192 337 364 416 scripserat,
379 333 491 395 morbis
504 327 657 396 confectus
670 341 701 394 et
714 331 753 394 ob
766 353 834 394 eam
847 352 969 394 eausam
982 341 1083 392 mente

193 417 321 496 paulum
335 416 504 475 imminuta.
540 413 597 475 Oui
609 412 753 475 Metellus
762 413 877 493 petenti
887 433 970 474 more
977 431 1083 491 regum

193 507 228 558 ut
241 497 348 558 sellam
363 497 456 575 juxta
469 503 602 575 poneret,
616 495 688 555 item
702 503 806 574 postea
819 493 973 555 custodiae
992 513 1084 553 causa
1137 569 1141 575 .

193 587 328 639 turmam
342 577 478 656 equitum
493 575 710 647 Romanorum,
724 584 888 652 utrumque
900 581 1082 652 negaverat:

194 659 347 730 honorem,
362 657 442 736 quod
455 675 559 716 eorum
574 656 663 716 modo
680 655 766 729 foret,
780 675 855 734 quos
874 653 1004 735 populus
1024 653 1083 714 Ru
1112 655 1130 712 5

194 758 302 798 manus
330 757 414 816 reges
441 735 670 816 appellavisset;
695 735 886 815 praesidium,
907 735 988 814 quod
1015 755 1083 795 eon·

194 818 387 879 tumeliosum
408 817 440 876 in
461 837 510 877 eos
530 817 617 889 foret,
637 817 662 877 si
724 817 801 877 uites
822 815 953 876 Romani
972 814 1083 875 satelli-

194 909 238 959 tes
266 897 420 958 Numidae
446 897 647 957 traderentur.
724 917 784 958 unc
811 897 930 957 Marius
956 896 1083 956 anxium

194 979 372 1059 aggreditur
386 987 477 1056 atque
491 978 639 1049 hortatur,
654 987 689 1037 ut
705 977 957 1038 contumeliarum
976 977 1009 1036 in
1029 977 1083 1035 im-

194 1067 364 1138 peratorem
386 1078 455 1120 cum
475 1077 528 1118 suo
549 1057 665 1119 auxilio
683 1078 794 1137 poenas
807 1066 909 1138 petat;
929 1057 1082 1116 hominem
1093 1056 1132 1115 10

195 1140 233 1201 ob
261 1139 381 1200 morbos
408 1139 509 1219 auimo
536 1159 644 1218 parum
669 1138 770 1200 valido
793 1138 925 1199 secunda
949 1138 1083 1198 oratione

194 1219 333 1282 extollit:
357 1219 445 1279 illum
467 1239 576 1298 regem,
597 1220 750 1298 ingentem
775 1219 883 1291 virum,
908 1218 1084 1279 Masinissae

195 1309 334 1380 nepotem
349 1321 427 1372 esse;
447 1300 472 1360 si
487 1299 643 1379 Jugurtba
663 1309 769 1379 captus
788 1308 843 1359 aut
864 1300 977 1360 occisus
996 1299 1083 1370 foret,

197 1381 356 1460 imperium
376 1379 540 1440 Numidiae
559 1380 623 1440 sine
643 1400 728 1441 mora
748 1379 941 1452 habiturum
963 1379 994 1439 id
1008 1379 1083 1439 adeo

200 1471 315 1522 mature
339 1481 423 1540 posse
446 1461 574 1534 evenire,
596 1461 621 1522 si
644 1461 708 1540 ipse
729 1460 833 1521 consul
857 1461 896 1520 ad
917 1460 949 1520 id
968 1459 1083 1520 bellum
1093 1458 1132 1518 15

197 1544 303 1603 missus
324 1541 409 1602 foret.
451 1541 559 1620 Itaque
579 1550 610 1602 et
630 1541 718 1601 illum
738 1551 769 1602 et
789 1541 903 1620 equites
923 1541 1083 1613 Romanos,

197 1623 307 1683 milites
334 1631 364 1683 et
391 1623 600 1702 negotiatores,
622 1622 696 1683 alios
723 1623 794 1702 ipse,
819 1622 975 1701 plerosque
1002 1622 1084 1701 pacis

196 1725 262 1783 spes
276 1702 414 1782 impellit,
429 1703 475 1763 uti
490 1702 619 1762 Romam
640 1703 680 1763 ad
700 1723 768 1763 suos
788 1702 968 1763 necessarios
981 1722 1084 1781 aspere

197 1785 229 1844 in
243 1782 404 1844 Metellum
418 1783 456 1844 de
470 1782 550 1844 bello
566 1783 709 1855 scribant,
724 1783 859 1844 Marium
873 1783 1084 1862 imperatorem

197 1872 329 1944 poscant.
370 1863 421 1924 Sic
438 1863 486 1924 illi
507 1884 526 1923 a
546 1864 650 1925 multis
670 1864 849 1925 mortalibus
867 1864 1085 1924 honestissuma
1094 1861 1133 1921 20

197 1945 410 2024 suffragatione
434 1943 606 2005 consulatus
667 1943 797 2004 tebatur.
838 1944 936 2005 Simul
957 1964 993 2004 ea
1012 1952 1085 2002 tem·

197 2034 312 2105 pestate
332 2024 425 2105 plebe,
446 2024 605 2085 nobilitate
640 2045 693 2085 usa
713 2045 767 2104 per
786 2024 883 2104 legem
904 2023 1084 2095 Mamiliam,

198 2127 290 2168 novos
303 2105 477 2166 extollebat.
520 2104 570 2165 Ita
583 2105 684 2166 Mario
698 2114 807 2167 cuncta
821 2106 988 2185 procedere.

239 2187 289 2248 66.
311 2187 439 2247 Interim
452 2185 475 2247 J
476 2186 610 2266 ugurtha
628 2195 786 2266 postquam
807 2187 916 2247 omissa
935 2185 1085 2246 deditione

198 2267 311 2328 bellum
333 2267 447 2346 incipit,
463 2286 532 2328 eum
549 2287 661 2346 magna
674 2287 748 2328 cura
761 2288 869 2347 parare
883 2267 992 2339 omnia,
1006 2265 1084 2325 festi·
1094 2263 1132 2321 25

198 2367 278 2420 nare,
301 2368 406 2426 eogere
426 2347 611 2419 exereitum
632 2347 778 2421 civitates,
799 2368 876 2427 quae
896 2347 936 2408 ab
956 2367 987 2406 se
1007 2345 1085 2406 defe

199 2436 311 2500 cerant,
328 2427 488 2488 formidine
509 2437 562 2488 aut
583 2429 760 2489 ostentando
780 2427 915 2508 praemia
935 2428 1083 2497 affectare,

199 2509 383 2570 communire
402 2527 471 2568 suos
492 2508 579 2581 locos,
600 2530 695 2581 arma,
711 2509 773 2569 tela
794 2508 922 2587 aliaque,
937 2528 1014 2588 quae
1033 2526 1085 2586 spe

134 2647 136 2656 ,
198 2589 280 2668 pacis
314 2589 462 2660 amiserat,
491 2589 612 2650 reficere
645 2598 699 2650 aut
733 2589 934 2660 commercari,
962 2587 1085 2649 servitia

199 2669 406 2730 Romanorum
426 2668 556 2741 allicere,
577 2680 608 2731 et
629 2691 678 2731 eos
698 2671 784 2749 ipsos,
803 2670 856 2748 qui
876 2669 909 2729 in
929 2668 1085 2749 praesidiis
1093 2667 1132 2726 30

199 2759 294 2823 erant,
322 2749 450 2828 pecunia
484 2757 650 2830 temptare:
685 2771 805 2830 prorsus
831 2749 909 2810 nihil
936 2750 1084 2810 intactum

199 2851 295 2909 neque
317 2831 451 2910 quietum
473 2831 546 2908 pati,
561 2840 672 2892 cuncta
685 2832 809 2910 agitare.
851 2829 952 2909 Igitur
964 2829 1085 2910 Vagen-

199 2931 252 2984 ses,
267 2930 326 2989 quo
340 2910 483 2971 Metellus
501 2912 587 2972 initio
601 2911 623 2972 ,J
625 2912 758 2990 ugurtha
777 2910 955 2990 pacificante
975 2911 1083 2990 praesi-

200 2991 283 3051 dium
318 2991 508 3070 imposuerat,
537 2991 657 3070 fatigati
691 2993 769 3070 regis
801 2991 956 3070 suppliciis
990 3010 1086 3070 neque

200 3081 289 3132 antea
302 3070 460 3133 voluntate
481 3071 613 3144 alienati,
635 3073 783 3152 principes
803 3072 936 3132 civitatis
956 3072 1035 3132 inter
1054 3069 1130 3131 se35

200 3153 367 3230 conjurant.
417 3151 500 3212 Nam
527 3152 643 3232 volgus,
671 3153 716 3212 uti
744 3153 921 3232 plerumque
948 3152 1031 3223 solet,
1055 3160 1085 3211 et

152 3305 154 3310 ,
200 3253 343 3293 maxume
377 3231 589 3306 Numidarum,
617 3233 737 3312 ingenio
771 3232 885 3304 mobili,
912 3231 1085 3292 seditiosum

200 3322 290 3393 atque
311 3313 526 3373 discordiosum
546 3324 620 3383 erat,
641 3313 783 3388 cupidum
805 3332 954 3370 novarum
975 3331 1085 3379 rerum,

201 3393 295 3473 quieti
314 3399 346 3453 et
366 3393 427 3451 otio
448 3392 617 3450 advorsum
659 3390 740 3448 Dein
764 3387 933 3463 compositis
952 3387 1030 3443 inter
1052 3405 1084 3443 se
