2392 3692
406 165 461 216 on
478 165 600 217 asaro
620 166 867 219 Joourrmuo.
1059 157 1101 224 57

166 330 256 412 jubet
265 348 370 390 omnes
380 326 521 408 perfugas
530 327 648 389 vinctos
658 328 778 391 adduci.
820 329 937 392 Eorum
945 352 1056 411 magna

161 433 241 492 pars,
258 410 304 470 uti
321 409 439 488 jussum
460 417 534 480 erat,
555 407 697 482 adducti;
718 411 817 489 pauci,
832 431 902 472 cum
922 412 1055 491 primum

161 493 278 552 deditio
293 489 400 569 eoepit,
415 490 456 549 ad
475 510 577 568 regem
598 488 755 550 Bocchum
776 491 808 552 in
830 493 1054 553 Mauretaniam

161 573 311 633 abierant.
354 569 456 650 Igitur
479 569 647 649 Jugurtha,
669 570 723 631 ubi
750 572 842 632 armis
864 573 996 652 virisque
1023 583 1054 634 et

162 653 295 732 pecunia
314 650 460 731 spoliatus
473 659 526 723 ast,
542 671 612 712 oum
625 652 689 730 ipse
701 651 742 712 ad
755 652 966 732 imperandum
980 653 1055 714 Tisi·
1083 656 1101 713 5

161 735 248 794 dium
262 741 433 804 vocaretur,
448 751 552 791 rursus
566 731 665 810 eoepit
678 731 799 794 flectere
816 733 952 793 animum
964 753 1053 793 suum

160 824 191 875 et
219 835 259 874 ex
288 813 370 873 mala
400 811 582 874 conscientia
616 812 710 891 digna
742 813 856 874 timere.
912 813 1053 893 Denique

161 894 268 955 multis
295 893 401 955 diebus
428 913 482 972 per
509 891 732 952 dubitationem
762 894 955 971 oonsumptis,
983 915 1053 955 eum

160 975 252 1035 modo
273 975 372 1036 taedio
391 995 492 1034 rerum
514 973 713 1034 advorsarum
727 974 829 1034 omnia
843 973 922 1034 bello
935 975 1053 1053 potiora

160 1056 295 1128 duceret,
310 1055 463 1116 interdum
483 1073 585 1117 seeum
606 1054 669 1132 ipse
690 1063 853 1133 reputaret,
874 1074 966 1132 quam
986 1077 1053 1134 gra·
1063 1058 1100 1118 10

160 1137 206 1197 vis
228 1156 314 1198 oasus
334 1137 367 1195 in
387 1136 544 1198 servitium
565 1155 604 1195 ex
625 1154 718 1213 regno
741 1134 828 1205 foret,
845 1134 949 1195 multis
971 1156 1053 1214 mag-

160 1217 268 1295 nisque
295 1217 451 1296 praesidiis
478 1216 684 1296 nequidquam
712 1214 847 1293 perditis,
871 1215 909 1275 de
935 1215 1052 1295 integro

161 1297 277 1358 bellum
290 1298 391 1358 sumit.
434 1297 476 1356 Et
491 1297 607 1357 Romae
620 1304 743 1356 senatus
756 1295 795 1356 de
808 1296 971 1376 provinciis
985 1318 1053 1358 oon-

160 1377 258 1439 sultus
272 1377 451 1437 Numidiam
465 1375 591 1438 Metello
605 1377 789 1438 decreverat

201 1459 252 1520 63.
267 1458 327 1518 Per
339 1458 420 1519 idem
429 1467 547 1537 tempus
558 1456 668 1520 Uticae
678 1458 755 1518 forte
766 1456 799 1517 C.
812 1457 913 1518 Mario
923 1478 977 1537 per
987 1458 1052 1519 hoa
1062 1460 1100 1519 15

160 1540 219 1600 tias
232 1539 280 1600 dis
292 1538 476 1632 supplicanti
497 1558 609 1617 magna
629 1548 720 1618 atque
740 1537 893 1598 mirabilia
911 1540 1051 1617 portendi

160 1620 315 1698 haruspex
329 1619 466 1680 dixerat:
481 1619 615 1698 proinde,
629 1639 708 1697 quae
720 1618 822 1678 animo
836 1618 981 1698 agitabat,
995 1620 1052 1680 fre

161 1710 209 1760 tus
218 1701 265 1760 dis
273 1707 384 1779 ageret,
395 1699 550 1760 fortunam
559 1720 651 1779 quam
659 1699 840 1778 saepissume
851 1699 1049 1778 experiretur,

161 1789 271 1842 ounota
284 1801 426 1860 prospere
439 1788 595 1842 eventura.
637 1779 682 1840 At
696 1779 784 1840 illum
800 1780 866 1859 jam
881 1789 971 1840 antea
984 1802 1051 1842 oon·

160 1860 275 1921 sulatus
296 1862 401 1940 ingens
422 1861 533 1940 cupido
553 1861 740 1940 exagitabat,
756 1860 797 1921 ad
816 1881 906 1939 quem
928 1861 1098 1939 eapiun-20

160 1942 233 2002 dum
254 1951 375 2021 praeter
388 1949 570 2003 vetustatem
584 1941 719 2002 familiae
733 1940 794 2002 alia
808 1942 910 2002 omnia
929 1940 1050 2003 abunde

159 2031 255 2095 erant,
279 2022 437 2095 industria,
462 2021 606 2100 probitas,
631 2022 758 2082 militiae
782 2042 892 2102 magna
915 2023 1050 2096 seientia,

160 2103 278 2163 animus
291 2101 365 2162 belli
378 2103 493 2182 ingens,
507 2103 588 2162 domi
603 2103 746 2173 modicus,
761 2101 906 2163 lubidinis
926 2112 956 2163 et
974 2105 1050 2166 divi-

159 2184 272 2244 tiarum
292 2183 399 2255 victor,
420 2183 631 2243 tautummodo
651 2183 765 2263 gloriae
785 2183 901 2244 avidus.
943 2184 1002 2244 Sed
1022 2185 1047 2244 is

158 2273 248 2325 natus
262 2273 292 2325 et
306 2284 425 2327 omnem
439 2264 601 2343 pueritiam
615 2264 728 2342 Arpini
744 2263 833 2336 altus,
848 2264 901 2325 ubi
915 2266 1048 2344 primum
1058 2266 1096 2325 25

158 2354 241 2405 aetas
261 2343 388 2404 militiae
408 2344 526 2423 patiens
546 2343 614 2415 fuit,
632 2343 788 2422 stipendiis
808 2344 966 2418 faciundis,
987 2367 1048 2407 non

158 2424 278 2485 Graeca
292 2424 436 2486 facundia
449 2445 547 2504 neque
560 2424 685 2484 urbanis
707 2424 863 2486 munditiis
881 2445 944 2486 sese
964 2447 1048 2487 exer-

158 2506 238 2566 cuit:
258 2505 302 2565 ita
316 2505 395 2565 inter
415 2514 494 2565 artes
515 2505 609 2566 bonas
629 2506 781 2583 integrum
795 2505 948 2584 ingenium
962 2506 1048 2570 brevi

158 2585 300 2646 adolevit.
342 2585 426 2665 Ergo
446 2585 499 2645 ubi
519 2586 652 2664 primum
672 2585 863 2646 tribunatum
884 2587 1047 2648 militarem

157 2687 177 2727 a
190 2665 303 2746 populo
317 2666 401 2744 petit,
412 2665 562 2746 plerisque
576 2666 684 2727 faeiem
698 2666 761 2746 ejus
775 2666 993 2743 ignorantibus,
1004 2670 1047 2728 fa·
1057 2670 1095 2728 30

158 2746 214 2808 oile
225 2755 315 2807 notus
325 2767 379 2826 per
388 2767 489 2808 omnes
499 2745 598 2806 tribus
609 2746 790 2808 declaratur.
832 2747 951 2809 Deinde
962 2749 1001 2809 ab
1012 2771 1047 2810 eo

158 2827 337 2906 magistratu
352 2826 456 2899 alium,
471 2835 538 2906 post
551 2827 647 2887 alium
660 2828 718 2887 sibi
731 2828 856 2907 peperit,
871 2849 1047 2910 semperque

158 2908 189 2966 in
203 2906 402 2987 potestatibus
423 2928 458 2968 eo
478 2907 566 2968 modo
587 2908 732 2986 agitabat,
747 2918 781 2968 ut
795 2909 941 2988 ampliore
954 2933 1046 2990 quam

157 2987 282 3066 gerebat
302 2987 411 3066 dignus
432 2987 603 3048 haberetur.
645 2988 759 3048 'lamen
773 2989 798 3049 is
812 2989 897 3049 adid
911 2990 1046 3052 locorum

157 3068 228 3128 talis
254 3067 416 3128 vir—nam
447 3078 550 3146 postea
583 3069 747 3130 ambitione
781 3091 923 3150 praeoeps
956 3073 1046 3134 datus
1055 3072 1094 3132 35

158 3156 383 3227 est-appetere
406 3168 467 3208 non
491 3147 631 3209 audebat.
673 3150 777 3210 Etiam
798 3160 864 3210 tum
887 3151 962 3212 alios
985 3175 1048 3213 ma,

157 3229 299 3307 gistratus
323 3225 418 3307 plebs,
442 3229 631 3289 consulatum
659 3230 801 3290 nobilitas
828 3230 908 3290 inter
934 3253 965 3294 se
991 3254 1046 3312 per

158 3328 264 3370 manus
276 3307 435 3381 tradebat;
456 3329 553 3371 novus
566 3329 653 3368 nemo
667 3318 731 3368 tam
745 3310 844 3368 clarus
864 3331 961 3386 neque
980 3321 1044 3370 tam
